@ARTICLE{adams82,
  author = "Adams, P.R. and Constanti, A. and Brown, D.A. and Clark, R.B.",
  title = "Intracellular Ca activates a fast voltage-sensitive K
current in vertebrate sympathetic neurones",
  journal = "Nature",
  year = "1982",
  volume = "296",
  pages = "746-749" } 

@ARTICLE{aldrich83,
  author = "Aldrich, D.P. and Corey, D.P. and Stevens, C.F.",
  title = "A reinterpretation of mammalian sodium channel gating based
on single channel recording",
  journal = "Nature",
  year = "1983",
  volume = "306",
  pages = "436-441" } 

@BOOK{andersen68,
  author = "Andersen, P. and Andersson, S.A.",
  title = "Physiological basis of the alpha rhythm",
  publisher = "Appleton-Century-Crofts",
  year = "1968",
  address = "NY",
  edition = "" }

@ARTICLE{baldi88,
  author = "Baldi, P. and Heiligenberg, W.",
  title = "How sensory maps could enhance resolution through ordered
arrangements of broadly tuned receivers",
  journal = "Biol.Cyber.",
  year = "1988",
  volume = "59",
  pages = "313-318" } 

@ARTICLE{bindman88,
  author = "Bindman, L.J. and Meyer, T. and Prince, D.A.",
  title = "Comparison of the electrical properties of neocortical
neurones in slices in vitro and in the anaesthetized rat",
  journal = "Exp.Brain Res.",
  year = "1988",
  volume = "69",
  pages = "489-496" } 

@MastersThesis{borg87,
  author = "Borg-Graham, L.J.",
  title = "Modeling the somatic electrical response of hippocampal
pyramidal neurons",
  school = "MIT",
  year = "1987",
  address = "Cambridge, MA" }

@InCollection{borg91,
  author = "Borg-Graham, LJ",
  title = "Modeling the non-linear conductances of excitable
membranes",
  booktitle = "Cellular and Molecular Neurobiology: A Practical
Approach",
  publisher = "Oxford",
  address = "NY",
  editor = "Wheal, H and Chad, J",
  year = "1991",
  pages = "247-275",
  edition = "" }

@ARTICLE{brown83,
  author = "Brown, T.H. and Johnston, D.",
  title = "Voltage-clamp analysis of mossy fiber synaptic input to
hippocampal neurons",
  journal = "J.Neurophys.",
  year = "1983",
  volume = "50",
  pages = "487-507" } 

@ARTICLE{bryant73,
  author = "Bryant, H.L. and Marcos, A.R. and Segundo, J.P.",
  title = "Correlations of neuronal spike discharges produced by
monosynaptic connections and by common inputs",
  journal = "J.Neurophys.",
  year = "1973",
  volume = "36",
  pages = "205-225" } 

@ARTICLE{bush91,
  author = "Bush, P. and Douglas, R.J.",
  title = "Synchronization of bursting action potential discharge in a
model network of neocortical neurons",
  journal = "Neural Computation",
  year = "1991",
  volume = "3",
  pages = "19-30" }

@ARTICLE{carafoli87,
  author = "Carafoli, E.",
  title = "Intracellular calcium homeostasis",
  journal = "Ann.Rev.Biochem.",
  year = "1987",
  volume = "56",
  pages = "395-443" } 

@ARTICLE{carr86a,
  author = "Carr, C.E. and Heiligenberg, W. and Rose, G.",
  title = "A time-comparison circuit in the electric fish midbrain. I.
Behaviour and physiology",
  journal = "J.Neurosci.",
  year = "1986",
  volume = "6",
  pages = "107-119" } 

@ARTICLE{carr86b,
  author = "Carr, C.E. and Maler, L. and Taylor, B.",
  title = "A time-comparison circuit in the electric fish midbrain.
II. Functional morphology",
  journal = "J.Neurosci.",
  year = "1986",
  volume = "6",
  pages = "1372-1383" } 

@ARTICLE{chagnac89,
  author = "Chagnac-Amitai, Y. and Connors, B.W.",
  title = "Synchronized excitation and inhibition driven by
intrinsically bursting neurons in neocortex",
  journal = "J.Neurophys.",
  year = "1989",
  volume = "62",
  pages = "1149-1162" } 

@ARTICLE{chagnac90,
  author = "Chagnac-Amitai, Y. and Luhmann, H.J. and Prince, D.A.",
  title = "Burst generating and regular spiking layer 5 pyramidal
neurons of rat neocortex have different morphological features",
  journal = "JCN",
  year = "1990",
  volume = "296",
  pages = "598-613" } 

@ARTICLE{chiu79,
  author = "Chiu, S.Y. and Mrose, H.E. and Ritchie, J.M.",
  title = "Anomalous temperature dependence of the sodium conductance
in rabbit nerve compared with frog nerve",
  journal = "Nature",
  year = "1979",
  volume = "279",
  pages = "327-328" } 

@InCollection{colonnier81,
  author = "Colonnier, M.",
  title = "The electron-microscopic analysis of the neuronal
organization of the cerebral cortex",
  booktitle = "The Organization of the Cerebral Cortex",
  publisher = "MIT Press",
  address = "Cambridge, Ma",
  editor = "Schmitt, F.O. and Worden, F.G. and Adelman, G. and Dennis, S.G.",
  year = "1981",
  pages = "125-153",
  edition = "" }

@ARTICLE{connors89,
  author = "Connors, B.W. and Agmon, A.",
  title = "Repetitive burst-firing neurons in the deep layers of mouse
somatosensory cortex",
  journal = "Neurosci.Lett.",
  year = "1989",
  volume = "99",
  pages = "137-141" } 

@ARTICLE{connors90,
  author = "Connors, B.W. and Gutnick, M.J.",
  title = "Intrinsic firing patterns of diverse neocortical neurons",
  journal = "TINS",
  year = "1990",
  volume = "13",
  pages = "99-104" } 

@ARTICLE{connors82,
  author = "Connors, B.W. and Gutnick, M.J. and Prince, D.A.",
  title = "Electrophysiological properties of neocortical neurons in
vitro",
  journal = "J.Neurophys.",
  year = "1982",
  volume = "48",
  pages = "1302-1320" } 

@ARTICLE{connors88,
  author = "Connors, B.W. and Malenka, R.C. and Silva, L.R.",
  title = "Two inhibitory postsynaptic potentials, and GABA-A and
GABA-B receptor-mediated responses in neocortex of rat and cat",
  journal = "J.Physiol.",
  year = "1988",
  volume = "406",
  pages = "443-468" } 

@ARTICLE{constanti85,
  author = "Constanti, A. and Galvan, M. and Franz, P.",
  title = "Calcium-dependent inward currents in voltage-clamped
guinea-pig olfactory cortex neurones",
  journal = "Eur.J.Physiol.",
  year = "1985",
  volume = "404",
  pages = "259-265" } 

ARTICLE{coulter89a,
  author = "Coulter, D.A. and Huguenard, J.R. and Prince, D.A.",
  title = "Characterization of ethosuximide reduction of low-threshold
calcium current in thalamic neurons",
  journal = "Annals of Neurology",
  year = "1989",
  volume = "25",
  pages = "582-593" } 

ARTICLE{coulter89b,
  author = "Coulter, D.A. and Huguenard, J.R. and Prince, D.A.",
  title = "Calcium currents in rat thalamocortical relay neurones:
kinetic properties of the transient low-threshold current",
  journal = "J.Physiol.",
  year = "1989",
  volume = "414",
  pages = "587-604" } 

@ARTICLE{davenport89,
  author = "Davenport, R. and Jakobsson, E. and Gerger, B.",
  title = "Possible dual effect of synapses that are putatively purely
excitatory or purely inhibitory: bases in stability theory and
implications for neural network behaviour",
  journal = "Soc.Neurosci.",
  year = "1989",
  volume = "516.9",
  pages = "Abstract"}

@ARTICLE{davis79,
  author = "Davis, T.L. and Sterling, P.",
  title = "Microcircuitry of cat visual cortex: classification of
neurons in layer IV of area 17, and identification of the patterns of
lateral geniculate output",
  journal = "JCN",
  year = "1979",
  volume = "188",
  pages = "599-628" } 

@InCollection{douglas90a,
  author = "Douglas, R.J. and Martin, K.A.C.",
  title = "Neocortex",
  booktitle = "The Synaptic Organization of the Brain",
  publisher = "Oxford",
  address = "NY",
  editor = "Shepherd, G.M.",
  year = "1990",
  pages = "389-438",
  edition = "3rd" }

@ARTICLE{douglas90b,
  author = "Douglas, R.J. and Martin, K.A.C.",
  title = "Control of neuronal output by inhibition at the axon
initial segment",
  journal = "Neural Computation",
  year = "1990",
  volume = "2",
  pages = "283-292" } 

@ARTICLE{dutar88,
  author = "Dutar, P. and Nicoll, R.A.",
  title = "Pre- and postsynaptic GABA-B receptors in the hippocampus
have different pharmacological properties",
  journal = "Neuron",
  year = "1988",
  volume = "1",
  pages = "585-591" } 

@ARTICLE{eckhorn88,
  author = "Eckhorn, R. and Bauer, R. and Jordan, W. and Brosch, M. and Kruse, W. and Munk, M. and Reitboeck, H.J.",
  title = "Coherent oscillations: a mechanism of feature linking in
the visual cortex",
  journal = "Biol.Cyber.",
  year = "1988",
  volume = "60",
  pages = "121-130" } 

@ARTICLE{eckhorn90,
  author = "Eckhorn, R. and Reitboeck, H.J. and Arndt, M. and Dicke, P.",
  title = "Feature linking via synchronization among distributed
assemblies: simulations of results from cat visual cortex",
  journal = "Neural Computation",
  year = "1990",
  volume = "2",
  pages = "293-307" } 

@ARTICLE{edwards89,
  author = "Edwards, F.A. and Konnerth, A. and Sakmann, B. and Takahashi, T.",
  title = "A thin slice preparation for patch clamp recordings from
neurones of the mammalian central nervous system",
  journal = "Eur.J.Physiol.",
  year = "1989",
  volume = "414",
  pages = "600-612" } 

@ARTICLE{engel90,
  author = "Engel, A.K. and Konig, P. and Gray, C.M. and Singer, W.",
  title = "Stimulus-dependent neuronal oscillations in cat visual
cortex: inter-columnar interaction as determined by cross-correlation
analysis",
  journal = "Eur.J.Neurosci.",
  year = "1990",
  volume = "2",
  pages = "588-606" } 

@ARTICLE{ferster86,
  author = "Ferster, D.",
  title = "Orientation selectivity of synaptic potentials in neurons
of cat primary visual cortex",
  journal = "J.Neurosci.",
  year = "1986",
  volume = "6",
  pages = "1284-1301" } 

@ARTICLE{fisher90,
  author = "Fisher, R.E. and Gray, R. and Johnston, D.",
  title = "Properties and distribution of single voltage-gated calcium
channels in adult hippocampal neurons",
  journal = "J.Neurophys.",
  year = "1990",
  volume = "64",
  pages = "91-104" } 

@ARTICLE{franz86,
  author = "Franz, P. and Galvan, M. and Constanti, A.",
  title = "Calcium-dependent action potentials and associated inward
currents in guinea-pig neocortical neurons in vitro",
  journal = "Brain Res.",
  year = "1986",
  volume = "366",
  pages = "262-271" } 

@ARTICLE{french75,
  author = "French, A.S. and DiCaprio, R.A.",
  title = "The dynamic electrical behaviour of the electrotonic
junction between Retzius cells in the leech",
  journal = "Biol.Cyber.",
  year = "1975",
  volume = "17",
  pages = "129-135" } 

@ARTICLE{french90,
  author = "French, C.R. and Sah, P. and Buckett, K.J. and Gage, P.W.",
  title = "A voltage-dependent persistent sodium current in mammalian
hippocampal neurons",
  journal = "J.Gen.Physiol.",
  year = "1990",
  volume = "95",
  pages = "1139-1157" } 

@ARTICLE{friedman87,
  author = "Friedman, A. and Gutnick, M.J.",
  title = "Low-threshold calcium electrogenesis in neocortical
neurons",
  journal = "Neurosci.Lett.",
  year = "1987",
  volume = "81",
  pages = "117-122" } 

@ARTICLE{galvan86,
  author = "Galvan, M. and Constanti, A. and Franz, P. and Sedlmeir, C. and Endres, W.",
  title = "Calcium spikes and inward current in mammalian peripheral
and central neurons",
  journal = "Exp.Brain Res.",
  year = "1986",
  volume = "14",
  pages = "61-70" } 

@ARTICLE{galvan85,
  author = "Galvan, M. and Franz, P. and Constanti, A.",
  title = "Spontaneous inhibitory postsynaptic potentials in guinea
pig neocortex and olfactory cortex neurones",
  journal = "Neurosci.Lett.",
  year = "1985",
  volume = "57",
  pages = "131-135" } 

@BOOK{gerald89,
  author = "Gerald, C.F. and Wheatley, P.O.",
  title = "Applied numerical analysis",
  publisher = "Addison-Wesley",
  year = " 1989",
  address = "NY",
  edition = "" }

@InCollection{gray90,
  author = "Gray, C.M. and Engel, A.K. and Konig, P. and Singer, W.",
  title = "Temporal Properties of Synchronous Oscillatory Neuronal
Interactions in Cat Striate Cortex",
  booktitle = "Nonlinear Dynamics and Neural Networks",
  publisher = "Schuster, H.G. and Singer, W.",
  year = "1990",
  pages = "" }

@InCollection{gray91,
  author = "Gray, C.M. and Engel, A.K. and Konig, P. and Singer, W.",
  title = "Mechanisms underlying the generation of neuronal
oscillations in cat visual cortex",
  booktitle = "Induced Rhythmicities in the Brain",
  publisher = "Bullock, T. and Basar, E.",
  year = "1991",
  pages = "" }

@ARTICLE{gray89a,
  author = "Gray, C.M. and Konig, P. and Engel, A.K. and Singer, W.",
  title = "Oscillatory responses in cat visual cortex exhibit
inter-columnar synchronization which reflects global stimulus
properties",
  journal = "Nature",
  year = "1989",
  volume = "338",
  pages = "334-337" } 

@ARTICLE{gray89b,
  author = "Gray, C.M. and Singer, W.",
  title = "Stimulus-specific neuronal oscillations in orientation
columns of cat visual cortex",
  journal = "PNAS",
  year = "1989",
  volume = "86",
  pages = "1698-1702" } 

@ARTICLE{halliwell86,
  author = "Halliwell, J.V.",
  title = "M-current in human neocortical neurones",
  journal = "Neurosci.Lett.",
  year = "1986",
  volume = "67",
  pages = "1-6" } 

@ARTICLE{halliwell82,
  author = "Halliwell, J.V. and Adams, P.R.",
  title = "Voltage-clamp analysis of muscarinic excitation in
hippocampal neurons",
  journal = "Brain Res.",
  year = "1982",
  volume = "250",
  pages = "71-92" } 

@ARTICLE{hartmann91,
  author = "Hartmann, H.A. and Kirsch, G.E. and Drewe, J.A. and Taglialatela, M. and Joho, R.H. and Brown, A.M.",
  title = "Exchange of conduction pathways between two related K+
channels",
  journal = "Science",
  year = "1991",
  volume = "251",
  pages = "942-944" } 

@ARTICLE{heiligenberg87,
  author = "Heiligenberg, W.",
  title = "Central processing of sensory information in electric
fish",
  journal = "J.Comp.Physiol.A",
  year = "1987",
  volume = "161",
  pages = "621-631" } 

@ARTICLE{heiligenberg85,
  author = "Heiligenberg, W. and Rose, G.",
  title = "Phase and amplitude computations in the midbrain of an
electric fish: Intracellular studies of neurons participating in the
jamming avoidance response of Eigenmannia",
  journal = "J.Neurosci.",
  year = "1985",
  volume = "5",
  pages = "515-531" } 

@ARTICLE{hendry90,
  author = "Hendry, S.H.C. and Fuchs, J. and DeBias, A.L. and Jones, E.G.",
  title = "Distribution and plasticity of immunocytochemically
localized GABA-A receptors in adult monkey visual cortex",
  journal = "J.Neurosci.",
  year = "1990",
  volume = "10",
  pages = "2438-2450" } 

@ARTICLE{hernandez89,
  author = "Hernandez-Cruz, A. and Pape, H-C.",
  title = "Identification of two calcium currents in acutely
dissociated neurons from the rat lateral geniculate nucleus",
  journal = "J.Neurophys.",
  year = "1989",
  volume = "61",
  pages = "1270-1283" } 

@BOOK{hille84,
  author = "Hille, B.",
  title = "Ionic Channels of Excitable Membranes",
  publisher = "Sinauer Associates, Inc.",
  year = " 1984",
  address = "Sunderland, MA",
  edition = "" }

@ARTICLE{hodgkin52,
  author = "Hodgkin, A.L. and Huxley, A.F.",
  title = "A quantitative description of membrane current and its
application to conduction and excitation in nerve",
  journal = "J.Physiol.",
  year = "1952",
  volume = "117",
  pages = "500-544" } 

@ARTICLE{horn81,
  author = "Horn, R. and Patlak, J. and Stevens, C.F.",
  title = "Sodium channels need not open before they inactivate",
  journal = "Nature",
  year = "1981",
  volume = "291",
  pages = "426-427" } 

@ARTICLE{huguenard89,
  author = "Huguenard, J.R. and Hamill, O.P. and Prince, D.A.",
  title = "Sodium channels in dendrites of rat cortical pyramidal
neurons",
  journal = "PNAS",
  year = "1989",
  volume = "86",
  pages = "2473-2477" } 

@BOOK{jack83,
  author = "Jack, J.J.B. and Noble, D. and Tsien, R.W.",
  title = "Electric current flow in excitable cells",
  publisher = "Oxford",
  year = " 1983",
  address = "NY",
  edition = "" }

@InCollection{kammen90,
  author = "Kammen, D. and Koch, C. and Holmes, P.J.",
  title = "Collective oscillations in the visual cortex",
  booktitle = "Neural Information Processing Systems 2",
  publisher = "Morgan Kaufmann",
  address = "San Mateo, CA",
  editor = "Touretzky, D.S.",
  year = "1990",
  pages = "76-83",
  edition = "" }

@ARTICLE{kawasaki88,
  author = "Kawasaki, M. and Rose, G. and Heiligenberg, W.",
  title = "Temporal hyperacuity in single neurons of electric fish",
  journal = "Nature",
  year = "1988",
  volume = "336",
  pages = "173-176" } 

@ARTICLE{kay87,
  author = "Kay, A.R. and Wong, R.K.S.",
  title = "Calcium current activation kinetics in isolated pyramidal
neurones of the {CA}1 region of the mature guinea-pig hippocampus",
  journal = "J.Physiol.",
  year = "1987",
  volume = "392",
  pages = "603-616" } 

@ARTICLE{kimura87,
  author = "Kimura, J. and Miyamae, S. and Noma, A.",
  title = "Identification of sodium-calcium exchange current in single
ventricular cells of guinea-pig",
  journal = "J.Physiol.",
  year = "1987",
  volume = "384",
  pages = "199-222" } 

@ARTICLE{kisvarday87,
  author = "Kisvarday, Z.F. and Martin, K.A.C. and Friedlander, M.J. and Somogyi, P.",
  title = "Evidence for interlaminar inhibitory circuits in the
striate cortex of the cat",
  journal = "JCN",
  year = "1987",
  volume = "260",
  pages = "1-19" } 

@ARTICLE{koch90,
  author = "Koch, C. and Douglas, R.J. and Wehmeier, U.",
  title = "Visibility of synaptically induced conductance changes:
theory and simulations of anatomically characterized cortical
pyramidal cells",
  journal = "J.Neurosci.",
  year = "1990",
  volume = "10",
  pages = "1728-1744" } 

@ARTICLE{konig91a,
  author = "Konig, P. and Schillen, T.B.",
  title = "Stimulus-dependent assembly formation of oscillatory
responses: I. Synchronization",
  journal = "Neural Computation",
  year = "1991",
  volume = "3",
  pages = "155-166" } 

@ARTICLE{konig91b,
  author = "Konig, P. and Schillen, T.B.",
  title = "Stimulus-dependent assembly formation of oscillatory
responses: II. Desynchronization",
  journal = "Neural Computation",
  year = "1991",
  volume = "3",
  pages = "167-177" } 

@ARTICLE{lancaster86,
  author = "Lancaster, B. and Adams, P.R.",
  title = "Calcium-dependent current generating the
afterhyperpolarization of hippocampal neurons",
  journal = "J.Neurophys.",
  year = "1986",
  volume = "55",
  pages = "1268-1282" } 

@ARTICLE{latorre89,
  author = "Latorre, R. and Oberhauser, A. and Labarca, P. and Alvarez, O.",
  title = "Varieties of calcium-activated potassium channels",
  journal = "Ann.Rev.Physiol.",
  year = "1989",
  volume = "51",
  pages = "385-399" } 

@ARTICLE{llinas89,
  author = "Llinas, R. and Grace, A.A.",
  title = "Intrinsic 40 Hz oscillatory properties of layer IV neurons
in guinea pig cerebral cortex in vitro",
  journal = "Soc.Neurosci.",
  year = "1989",
  volume = "268.10",
  pages = "(Abstract)" } 

@ARTICLE{llinas91,
  author = "Llinas, R. and Grace, A.A. and Yarom, Y.",
  title = "In vitro neurons in mammalian cortical layer 4 exhibit
intrinsic oscillatory activity in the 10- to 50-Hz frequency range",
  journal = "PNAS",
  year = "1991",
  volume = "88",
  pages = "897-901" } 

@ARTICLE{llinas88,
  author = "Llinas, R and Muhlethaler, M",
  title = "Electrophysiology of guinea-pig cerebellar nuclear cells in
the in vitro brain stem-cerebellar preparation",
  journal = jphys,
  year = "1988",
  volume = "404",
  pages = "241-258" } 

@ARTICLE{llinas80,
  author = "Llinas, R. and Sugimori, M.",
  title = "Electrophysiological properties of in vitro purkinje cell
somata in mammalian cerebellar slices",
  journal = "J.Physiol.",
  year = "1980",
  volume = "305",
  pages = "171-195" } 

@BOOK{macgregor87,
  author = "MacGregor, R.J.",
  title = "Neural and Brain Modeling",
  publisher = "Academic Press, Inc.",
  year = "1987",
  address = "San Diego",
  edition = "",
  pages = "" }

@InCollection{martin84,
  author = "Martin, K.A.C.",
  title = "Neuronal circuits in cat striate cortex",
  booktitle = "Cerebral Cortex",
  publisher = "Plenum Press",
  address = "New York",
  editor = "Jones, E.G. and Peters, A.",
  year = "1984",
  pages = "241-284",
  edition = "" }

@ARTICLE{martin89,
  author = "Martin, K.A.C. and Friedlander, M.J. and Alones, V.J.",
  title = "Physiological, Morphological and cytochemical
characteristics of a layer 1 neuron in cat striate cortex",
  journal = "JCN",
  year = "1989",
  volume = "282",
  pages = "404-414" } 

@ARTICLE{mason90,
  author = "Mason, A. and Larkman, A.",
  title = "Correlations between morphology and electrophysiology of
pyramidal neurons in slices of rat visual cortex. II.
Electrophysiology",
  journal = "J.Neurosci.",
  year = "1990",
  volume = "10",
  pages = "1415-1428" } 

@ARTICLE{mason91,
  author = "Mason, A. and Nicoll, A. and Stratford, K.",
  title = "Synaptic transmission between individual pyramidal neurons
of the rat visual cortex in vitro",
  journal = "J.Neurosci.",
  year = "1991",
  volume = "11",
  pages = "72-84" } 

@ARTICLE{mccormick89,
  author = "McCormick, D.A.",
  title = "GABA as an inhibitory neurotransmitter in human cerebral
cortex",
  journal = "J.Neurophys.",
  year = "1989",
  volume = "62",
  pages = "1018-1027" } 

@ARTICLE{mccormick85a,
  author = "McCormick, D.A. and Connors, B.W. and Lighthall, J.W. and Prince, D.A.",
  title = "Comparative electrophysiology of pyramidal and sparsely
spiny stellate neurons of the neocortex",
  journal = "J.Neurophys.",
  year = "1985",
  volume = "54",
  pages = "782-806" } 

@ARTICLE{mccormick85b,
  author = "McCormick, D.A. and Prince, D.A.",
  title = "Two types of muscarinic response to acetylcholine in
mammalian cortical neurons",
  journal = "PNAS",
  year = "1985",
  volume = "82",
  pages = "6344-6348" } 

@ARTICLE{miles84,
  author = "Miles, R. and Wong, R.K.S.",
  title = "Unitary inhibitory synaptic potentials in the guinea-pig
hippocampus in vitro",
  journal = "J.Physiol.",
  year = "1984",
  volume = "356",
  pages = "97-113" } 

@ARTICLE{moczydlowski83,
  author = "Moczydlowski, E. and Latorre, R.",
  title = "Gating kinetics of {Ca}-activated {K} channels from rat muscle
incorporated into planar lipid bilayers",
  journal = "J.Gen.Physiol.",
  year = "1983",
  volume = "82",
  pages = "511-542" } 

@InCollection{moore86,
  author = "Moore, J.W. and Hines, M.L.",
  title = "Some consequences of intracellular calcium binding on
phasic synaptic transmitter release",
  booktitle = "Calcium, Neuronal Function, and Transmitter Release",
  publisher = "Nijhoff",
  address = "Boston",
  year = "1986",
  pages = "115-140",
  edition = "" }

@ARTICLE{moore89,
  author = "Moore, J.W. and Hines, M.L. and Gobble, J.K.",
  title = "HH channels alter summation of synaptic inputs in a model
neuron",
  journal = "Soc.Neurosci.",
  year = "1989",
  volume = "456.2",
  pages = "(Abstract)" }

@ARTICLE{nowycky85,
  author = "Nowycky, M.C. and Fox, A.P. and Tsien, R.W.",
  title = "Three type of neuronal calcium channel with different
calcium agonist sensitivity",
  journal = "Nature",
  year = "1985",
  volume = "316",
  pages = "440-443" } 

@ARTICLE{ogawa81,
  author = "Ogawa, T. and Ito, S. and Kato, H.",
  title = "Membrane characteristics of visual cortical neurons in in
vitro slices",
  journal = "Brain Res.",
  year = "1981",
  volume = "226",
  pages = "315-319" } 

@ARTICLE{pellegrini89,
  author = "Pellegrini, A. and Dossi, R.C. and Dal Pos, F. and Ermani, M. and Zanotto, L. and Testa, G.",
  title = "Ethosuximide alters intrathalamic and thalamocortical
synchronizing mechanisms: a possible explanation of its antiabsence
effect",
  journal = "Brain Res.",
  year = "1989",
  volume = "497",
  pages = "344-360" } 

@ARTICLE{pennefather90,
  author = "Pennefather, P. and Sala, F. and Hernandez-Cruz, A.",
  title = "Computer simulation of IAHP kinetics",
  journal = "Soc.Neurosci.",
  year = "1990",
  volume = "86.10",
  pages = "(Abstract)" } 

@ARTICLE{perkel64,
  author = "Perkel, D.H. and Schulman, J.H. and Bullock, T.H. and Moore, G.P. and Segundo, J.P.",
  title = "Pacemaker neurons: effects of regularly spaced synaptic
input",
  journal = "Science",
  year = "1964",
  volume = "145",
  pages = "61-63" } 

@InCollection{prince88,
  author = "Prince, D.A. and Huguenard, J.R.",
  title = "Functional properties of neocortical neurons",
  booktitle = "Neurobiology of Neocortex",
  publisher = "J. Wiley and Sons, Ltd.",
  address = "New York",
  editor = "Rakic, P. and Singer, W.",
  year = "1988",
  pages = "153-176",
  edition = ""}

@ARTICLE{regehr89,
  author = "Regehr, WS.G. and Connor, J.A. and Tank, D.W.",
  title = "Optical imaging of calcium accumulation in hippocampal
pyramidal cells during synaptic activation",
  journal = "Nature",
  year = "1989",
  volume = "341",
  pages = "533-536" } 

@ARTICLE{rose85,
  author = "Rose, G. and Heiligenberg, W.",
  title = "Structure and function of electrosensory neurons in the
torus semicircularis of Eigenmannia: morphological correlates of phase
and amplitude sensitivity",
  journal = "J.Neurosci.",
  year = "1985",
  volume = "5",
  pages = "2269-2280" } 

@ARTICLE{rose86,
  author = "Rose, G. and Heiligenberg, W.",
  title = "Limits of phase and amplitude sensitivity in the torus
semicircularis of Eigenmannia",
  journal = "J.Comp.Physiol.A",
  year = "1986",
  volume = "159",
  pages = "813-822" } 

@ARTICLE{rudy88,
  author = "Rudy, B.",
  title = "Diversity and ubiquity of K channels",
  journal = "Neuroscience",
  year = "1988",
  volume = "25",
  pages = "729-749" } 

@ARTICLE{ruppersberg90,
  author = "Ruppersberg, J.P. and Schroter, K.H. and Sakmann, B. and Stocker, M. and Sewing, S. and Pongs, O.",
  title = "Heteromultimeric channels formed by rat brain
potassium-channel proteins",
  journal = "Nature",
  year = "1990",
  volume = "345",
  pages = "535-537" } 

@ARTICLE{sah88,
  author = "Sah, P. and Gibb, A.J. and Gage, P.W.",
  title = "The sodium current underlying action potential in guinea
pig hippocampal {CA}1 neurons",
  journal = "J.Gen.Physiol.",
  year = "1988",
  volume = "91",
  pages = "373-398" } 

@ARTICLE{sala90,
  author = "Sala, F. and Hernandez-Cruz, A.",
  title = "Calcium diffusion modeling in a spherical neuron",
  journal = "Biophysical Journal",
  year = "1990",
  volume = "57",
  pages = "313-324" } 

@ARTICLE{sato90,
  author = "Sato, H. and Daw, N.W. and Fox, K.",
  title = "Intracellular recording study of stimulus specific response
properties in the cat visual cortex",
  journal = "Soc.Neurosci.",
  year = "1990",
  volume = "502.6",
  pages = "(Abstract)" }

@ARTICLE{scharfman87,
  author = "Scharfman, H.E. and Sarvey, J.M.",
  title = "Responses to GABA recorded from identified rat visual
cortical neurons",
  journal = "Neuroscience",
  year = "1987",
  volume = "23",
  pages = "407-422" } 

@ARTICLE{schwindt88,
  author = "Schwindt, P.C. and Spain, W.J. and Crill, W.E.",
  title = "Influence of anomalous rectifier activation on
afterhyperpolarizations of neurons from cat sensorimotor cortex in
vitro",
  journal = "J.Neurophys.",
  year = "1988",
  volume = "59",
  pages = "468-481" } 

@ARTICLE{schwindt89,
  author = "Schwindt, P.C. and Spain, W.J. and Crill, W.E.",
  title = "Long-lasting reduction of excitability by a
sodium-dependent potassium current in cat neocortical neurons",
  journal = "J.Neurophys.",
  year = "1989",
  volume = "61",
  pages = "233-244" } 

@ARTICLE{schwindt90,
  author = "Schwindt, P.C. and Spain, W.J. and Crill, W.E.",
  title = "Anomalous effects of intracellular calcium chelation in cat
neocortical neurons",
  journal = "Soc.Neurosci.",
  year = "1990",
  volume = "155",
  pages = " (Abstract)" }

@ARTICLE{schwindt88a,
  author = "Schwindt, P.C. and Spain, W.J. and Foehring, R.C. and Chubb, M.C. and Crill, W.E.",
  title = "Slow conductance in neurons from cat sensorimotor cortex in
vitro and their role in slow excitability changes",
  journal = "J.Neurophys.",
  year = "1988",
  volume = "59",
  pages = "450-467" } 

@ARTICLE{schwindt88b,
  author = "Schwindt, P.C. and Spain, W.J. and Foehring, R.C. and Stafstrom, C.E. and Chubb, M.C. and Crill, W.E.",
  title = "Multiple potassium conductances and their functions in
neurons from cat sensorimotor cortex in vitro",
  journal = "J.Neurophys.",
  year = "1988",
  volume = "59",
  pages = "424-449" } 

@ARTICLE{segal84,
  author = "Segal, M. and Barker, J.L.",
  title = "Rat hippocampal neurons in culture: potassium
conductances",
  journal = "J.Neurophys.",
  year = "1984",
  volume = "51",
  pages = "1409-1433" } 

@ARTICLE{segal86,
  author = "Segal, M. and Barker, J.L.",
  title = "Rat hippocampal neurons in culture: Ca and Ca-dependent K
conductances",
  journal = "J.Neurophys.",
  year = "1986",
  volume = "55",
  pages = "751-766" } 

@InCollection{segev89,
  author = "Segev, I. and Fleshman, J.W. and Burke, R.E.",
  title = "Compartmental models of complex neurons",
  booktitle = "Methods in Neuronal Modeling",
  publisher = "MIT Press",
  address = "Cambridge",
  editor = "Koch, C. and Segev, I.",
  year = "1989",
  pages = "63-96",
  edition = "" }

@ARTICLE{silva91,
  author = "Silva, L.R. and Amitai, Y. and Connors, B.W.",
  title = "Intrinsic oscillations of neocortex generated by layer 5
pyramidal neurons",
  journal = "Science",
  year = "1991",
  volume = "251",
  pages = "432-435" } 

@ARTICLE{simmons89,
  author = "Simmons, J. and Chen, L.",
  title = "The acoustic basis for target discrimination by FM echo
locating bats",
  journal = "J.Acoust.Soc.Am.",
  year = "1989",
  volume = "86",
  pages = "1333-1350" } 

@ARTICLE{somogyi83a,
  author = "Somogyi, P. and Nunzi, M.G. and Gorio, A. and Smith, A.D.",
  title = "A new type of specific interneuron in the monkey
hippocampus forming synapses exclusively with the axon initial
segments of pyramidal cells",
  journal = "Brain Res.",
  year = "1983",
  volume = "259",
  pages = "137-142" } 

@ARTICLE{somogyi83b,
  author = "Somogyi, P. and Smith, A.D. and Nunzi, M.G. and Gorio, A. and Takagi, H. and Wu, J.Y.",
  title = "Glutamate decarboxylase immunoreactivity in the hippocampus
of the cat: distribution of immunoreactive synaptic terminals with
special reference to the axon initial segment of pyramidal neurons",
  journal = "J.Neurosci.",
  year = "1983",
  volume = "3",
  pages = "1450-1468" } 

@ARTICLE{spain87,
  author = "Spain, W.J. and Schwindt, P.C. and Crill, W.E.",
  title = "Anomalous Rectification in neurons from cat sensorimotor
cortex in vitro",
  journal = "J.Neurophys.",
  year = "1987",
  volume = "57",
  pages = "1555-1576" } 

@ARTICLE{stafstrom85,
  author = "Stafstrom, C.E. and Schwindt, P.C. and Chubb, M.C. and Crill, W.E.",
  title = "Properties of persistent sodium conductance and calcium
conductance of layer V neurons from cat sensorimotor cortex in vitro",
  journal = "J.Neurophys.",
  year = "1985",
  volume = "53",
  pages = "153-170" } 

@ARTICLE{stafstrom82,
  author = "Stafstrom, C.E. and Schwindt, P.C. and Crill, W.E.",
  title = "Negative slope conductance due to a persistent subthreshold
sodium current in cat neocortical neurons in vitro",
  journal = "Brain Res.",
  year = "1982",
  volume = "236",
  pages = "221-226" } 

@ARTICLE{storm90,
  author = "Storm, J.F.",
  title = "Why is the input conductance of hippocampal neurones
impaled with microelectrodes so much higher than when giga-seal patch
pipettes are used?",
  journal = "Soc.Neurosci.",
  year = "1990",
  volume = "218.4",
  pages = "(Abstract)" }

@ARTICLE{sutor87,
  author = "Sutor, B. and Zieglgansberger, W.",
  title = "A low-voltage activated, transient calcium current is
responsible for the time-dependent depolarizing inward rectification
of rat neocortical neurons in vitro",
  journal = "Eur.J.Physiol.",
  year = "1987",
  volume = "410",
  pages = "102-111" } 

@ARTICLE{takahashi86,
  author = "Takahashi, T. and Konishi, M.",
  title = "Selectivity for interaural time difference in the owl's
midbrain",
  journal = "J.Neurosci.",
  year = "1986",
  volume = "6",
  pages = "3413-3422" } 

@ARTICLE{thompson88,
  author = "Thompson, S.M. and Deisz, R.A. and Prince, D.A.",
  title = "Relative contributions of passive equilibrium and active
transport to the distribution of chloride in mammalian cortical
neurons",
  journal = "J.Neurophys.",
  year = "1988",
  volume = "60",
  pages = "105-124" } 

@ARTICLE{traub82,
  author = "Traub, R.",
  title = "Simulation of intrinsic bursting in CA3 hippocampal
neurons",
  journal = "Neuroscience",
  year = "1982",
  volume = "7",
  pages = "1233-1242" } 

@ARTICLE{walton90,
  author = "Walton, K.D. and Yarom, Y. and Llinas, R.",
  title = "Intrinsic subthreshold 10-50 Hz membrane oscillations in
interneurons in the fourth layer of the frontal cortex",
  journal = "Soc.Neurosci.",
  year = "1990",
  volume = "54.14",
  pages = "(Abstract)" }

@ARTICLE{wilson89a,
  author = "Wilson, M.A. and Bhalla, U.S. and Uhley, J.D. and Bower, J.M.",
  title = "A computer simulation environment for implementing
realistic models of neural systems",
  journal = "Soc.Neurosci.",
  year = "1989",
  volume = "416.19",
  pages = "(Abstract)" }

@InCollection{wilson89b,
  author = "Wilson, M.A. and Bower, J.M.",
  title = "The simulation of large-scale neural networks",
  booktitle = "Methods in Neuronal Modeling",
  publisher = "MIT Press",
  address = "Cambridge, Ma",
  editor = "Koch, C. and Segev, I.",
  year = "1989",
  pages = "291-334",
  edition = "" }

@ARTICLE{wolfson89,
  author = "Wolfson, B. and Gutnick, M.J. and Baldino, F.",
  title = "Electrophysiological characteristics of neurons in
neocortical explant cultures",
  journal = "Exp.Brain Res.",
  year = "1989",
  volume = "76",
  pages = "122-130" } 

@ARTICLE{woody78,
  author = "Woody, C.D. and Gruen, E.",
  title = "Characterization of electrophysiological properties of
intracellularly recorded neurons in the neocortex of awake cats: a
comparison of the response to injected current in spike overshoot and
undershoot neurons",
  journal = "Brain Res.",
  year = "1978",
  volume = "158",
  pages = "343-357" } 

@ARTICLE{zona89,
  author = "Zona, C. and Avoli, M.",
  title = "Calcium-activated potassium channels recorded from rat
neocortical neurons in cell culture",
  journal = "Neurosci.Lett.",
  year = "1989",
  volume = "102",
  pages = "223-228" } 

@ARTICLE{zona88,
  author = "Zona, C. and Pirrone, G. and Avoli, M. and Dichter, M.",
  title = "Delayed and fast transient potassium currents in rat
neocortical neurons in cell culture",
  journal = "Neurosci.Lett.",
  year = "1988",
  volume = "94",
  pages = "285-290" } 

@Article{sporns91,
  author = 	"Sporns, O and Tononi, G and Edelman, GM",
  title = 	"Modeling perceptual grouping and figure-ground
		 segregation by means of active reentrant connections",
  journal = 	pnas,
  year = 	"1991",
  volume = 	"88",
  pages = 	"129-133",
}

@Article{wang90a,
  author = 	"Wang, D and Buhmann, J and von der Malsburg, C",
  title = 	"Pattern segmentaion in associative memory",
  journal = 	ncomp,
  year = 	"1990",
  volume = 	"2",
  pages = 	"94-106",

}

@Article{lockery89,
  author = 	"Lockery, SR and Wittenberg, G and Kristan, WB and Cottrell, GW",
  title = 	"Function of identified interneurons in the leech elucidated using neural  trained by back-propagation",
  journal = 	nat,
  year = 	"1989",
  volume = 	"340",
  pages = 	"468-471"
}

@Article{blaustein88,
  author = 	"Blaustein, MP",
  title = 	"Calcium transport and buffering in neurons",
  journal = 	" Trends in Neurosciences",
  year = 	"1988",
  volume = 	"11",
  pages = 	"438-443"
}

@Article{yip92,
  author = 	"Yip, RK and Blaustein, MP and Philipson, KD",
  title = 	"Immunologic identification of Na/Ca exchange protein in rat brain synaptic  plasma membrane",
  journal = 	" Neuroscience Letters",
  year = 	"1992",
  volume = 	"136",
  pages = 	"123-126"
}

@Article{blaustein91,
  author = 	"Blaustein, MP and Goldman, WF and Fontana, G and Krueger, BK and Santiago, EM and Steele, TD and  Weiss, DN and Yarowsky, PJ",
  title = 	"Physiological roles of the sodium-calcium exchanger in nerve and muscle",
  journal = 	" Annals of the New York Academy of Sciences",
  year = 	"1991",
  volume = 	"639",
  pages = 	"254-274"
}

