% $Id: header.bib,v 1.2 2010/03/08 21:54:38 billl Exp $

@string{aim = "Art Intell Medicine"}
@string{amjphys = "Am J Physiol"}
@string{advneur = "Adv Neurol"}
@string{anneur = "Ann Neurol"}
@string{annrevn = "Ann Rev Neurosci"}
@string{bcyber = "Biol Cyber"}
@string{biophysj = "Biophysical J"}
@string{bres = "Brain Res"}
@string{ccx = "Cereb. Cortex"}
@string{eegcn = "Electroencephalogr Clin Neurophysiol"}
@string{eurnsci = "Eur J Neurosci"}
@string{ijbiocomp = "Int J Biomed Comp"}
@string{jcn = "J Comp Neurol"}
@string{jcogn = "J Cog Neurosci"}
@string{jcpun = "J Comput Neurosci"}
@string{jcpa = "J Comp Physiol A"}
@string{jgenphys = "J Gen Physiol"}
@string{jnphys = "J Neurophysiol"}
@string{jnsci = "J Neurosci"}
@string{jnscim = "J Neurosci Methods"}
@string{jphys = "J Physiol (Lond)"}
@string{jphysiol = "J Physiol (Lond)"}
@string{nat = "Nature"}
@string{ncomp = "Neural Comput"}
@string{nlett = "Neurosci Lett"}
@string{nsci = "Neurosci"}
@string{pfar = "Pflugers Arch"}
@string{pnas = "Proc Nat Acad Sci"}
@string{prsl = "Proc Royal Soc London"}
@string{prslb = "Proc Royal Soc London B"}
@string{sci = "Science"}
@string{sin = "Seminars in the Neurosciences"}
@string{brjph = "Brit J Pharmacol"}
@string{anneur = "Ann Neurol"}
@string{tins = "Trends Neurosci"}
@string{epires = "Epilepsy Res."}
@string{jncyt = "J Neurocytol"}
@string{expneur = "Experimental Neurology"}
@string{jclnphys = "J Clin Neurophysiol"}
@string{tips = "Trends In Pharmacological Sciences"}
@string{jclpath = "Journal Of Clinical Pathology"}
@string{epiressupp = "Epilepsy Res Suppl"}
@string{brresbull = "Brain Res Bull"}
@string{bullmbio = "Bull Math Biol"}
@string{progbrres = "Prog Brain Res"}
@string{expbres = "Expt Brain Res"}
@string{eurjpharm = "Eur J Pharmacol"}
@string{jntranssupp = "J Neural Transm Suppl"}
@string{jntrans = "J Neural Transm"}
@string{physrev = "Physics Review"}
@string{prognbio = "Prog Neurobiol"}
@string{arcneur = "Arch Neurol"}
@string{snabs = "Soc Neurosci Abstracts"}
@string{nsabs = "Soc Neurosci Abstracts"}
@string{jexpbio = "Journal of Experimental Biology"}
@string{nyas = "Annals of the New York Academy of Sciences"}
@string{psychrev = "Psychological Reviews"}
@string{philtrans = "Phil. Trans. R. Soc. Lond. B"}
@string{philtransb = "Phil. Trans. R. Soc. Lond. B"}
@string{annrevpsychol = "Ann. Rev. Psychol."}
@string{procrsocb = "Proc. R. Soc. Lond. B"}
@string{socns = "Soc. Neuroscience Abstracts"}
