@article{mcdougal2016reproducibility,
  title={Reproducibility in Computational Neuroscience Models and Simulations},
  author={McDougal, R and Bulanova, A and Lytton, W},
  year={2016},
  journal={IEEE Transactions on Biomedical Engineering}
}
@article{mcdougal2015modelview,
  title={Model{V}iew for {ModelDB}: Online Presentation of Model Structure},
  author={McDougal, Robert A and Morse, Thomas M and Hines, Michael L and Shepherd, Gordon M},
  journal={Neuroinformatics},
  publisher={Springer},
  year={in press}
}
@article{rossinelli2008accelerated,
  title={Accelerated stochastic and hybrid methods for spatial simulations of reaction--diffusion systems},
  author={Rossinelli, Diego and Bayati, Basil and Koumoutsakos, Petros},
  journal={Chemical Physics Letters},
  volume={451},
  number={1},
  pages={136--140},
  year={2008},
  publisher={Elsevier}
}
@article{takahashi2004multi,
  title={A multi-algorithm, multi-timescale method for cell simulation},
  author={Takahashi, Kouichi and Kaizu, Kazunari and Hu, Bin and Tomita, Masaru},
  journal={Bioinformatics},
  volume={20},
  number={4},
  pages={538--546},
  year={2004},
  publisher={Oxford Univ Press}
}
@article{kiehl2004hybrid,
  title={Hybrid simulation of cellular behavior},
  author={Kiehl, Thomas R and Mattheyses, Robert M and Simmons, Melvin K},
  journal={Bioinformatics},
  volume={20},
  number={3},
  pages={316--322},
  year={2004},
  publisher={Oxford Univ Press}
}
@book{blackford1997scalapack,
  title={ScaLAPACK users' guide},
  author={Blackford, L Susan and Choi, Jaeyoung and Cleary, Andy and D'Azevedo, Eduardo and Demmel, James and Dhillon, Inderjit and Dongarra, Jack and Hammarling, Sven and Henry, Greg and Petitet, Antoine and others},
  volume={4},
  year={1997},
  publisher={siam}
}
@article{elf2004spontaneous,
  title={Spontaneous separation of bi-stable biochemical systems into spatial domains of opposite phases},
  author={Elf, Johan and Ehrenberg, M{\aa}ns},
  journal={Systems biology},
  volume={1},
  number={2},
  pages={230--236},
  year={2004},
  publisher={IET}
}
                  
@article{fleidervish2010na,
  title={Na+ imaging reveals little difference in action potential-evoked Na+ influx between axon and soma},
  author={Fleidervish, Ilya A and Lasser-Ross, Nechama and Gutnick, Michael J and Ross, William N},
  journal={Nature neuroscience},
  volume={13},
  number={7},
  pages={852--860},
  year={2010},
  publisher={Nature Publishing Group}
}
                  
@article{hattne2005stochastic,
  title={Stochastic reaction-diffusion simulation with MesoRD},
  author={Hattne, Johan and Fange, David and Elf, Johan},
  journal={Bioinformatics},
  volume={21},
  number={12},
  pages={2923--2924},
  year={2005},
  publisher={Oxford Univ Press}
}
@article{marquez2007binomial,
  title={Binomial tau-leap spatial stochastic simulation algorithm for applications in chemical kinetics},
  author={Marquez-Lago, Tatiana T and Burrage, Kevin},
  journal={The Journal of chemical physics},
  volume={127},
  number={10},
  pages={104101},
  year={2007},
  publisher={AIP Publishing}
}
@article{gillespie2001approximate,
  title={Approximate accelerated stochastic simulation of chemically reacting systems},
  author={Gillespie, Daniel T},
  journal={The Journal of Chemical Physics},
  volume={115},
  number={4},
  pages={1716--1733},
  year={2001},
  publisher={AIP Publishing}
}
@article{gillespie1976general,
  title={A general method for numerically simulating the stochastic time evolution of coupled chemical reactions},
  author={Gillespie, Daniel T},
  journal={Journal of computational physics},
  volume={22},
  number={4},
  pages={403--434},
  year={1976},
  publisher={Elsevier}
}
@inproceedings{salmon2011parallel,
  title={Parallel random numbers: as easy as 1, 2, 3},
  author={Salmon, John K and Moraes, Mark and Dror, Ron O and Shaw, David E and others},
  booktitle={High Performance Computing, Networking, Storage and Analysis (SC), 2011 International Conference for},
  pages={1--12},
  year={2011},
  organization={IEEE}
}
@inproceedings{lau1996parallel,
  title={Parallel matrix inversion techniques},
  author={Lau, KK and Kumar, MJ and Venkatesh, S},
  booktitle={Algorithms \&amp; Architectures for Parallel Processing, 1996. ICAPP 96. 1996 IEEE Second International Conference on},
  pages={515--521},
  year={1996},
  organization={IEEE}
}
@article{gleeson2010neuroml,
  title={{NeuroML}: a language for describing data driven models of neurons and networks with a high degree of biological detail.},
  author={Gleeson, P and Crook, S and Cannon, RC and Hines, ML and Billings, GO and Farinella, M and Morse, TM and Davison, AP and Ray, S and Bhalla, US and others},
  journal={PLoS computational biology},
  volume={6},
  number={6},
  pages={e1000815},
  year={2010}
}
@article{neymotin2013reinforcement,
  title={Reinforcement learning of two-joint virtual arm reaching in a computer model of sensorimotor cortex},
  author={Neymotin, Samuel A and Chadderdon, George L and Kerr, Cliff C and Francis, Joseph T and Lytton, William W},
  journal={Neural computation},
  volume={25},
  number={12},
  pages={3263--3293},
  year={2013},
  publisher={MIT Press}
}
@incollection{lytton2014deterministic,
    year={2014},
    booktitle={Encyclopedia of Computational Neuroscience},
    editor={Jaeger, Dieter and Jung, Ranu},
    doi={10.1007/978-1-4614-7320-6_185-2},
    title={Deterministic Reaction-Diffusion Simulators},
    url={http://dx.doi.org/10.1007/978-1-4614-7320-6_185-2},
    publisher={Springer New York},
    author={Lytton, William W. and McDougal, Robert A.},
    pages={1-3},
    language={English}
}
@incollection{neymotin2014brain,
year={2014},
booktitle={Encyclopedia of Computational Neuroscience},
editor={Jaeger, Dieter and Jung, Ranu},
doi={10.1007/978-1-4614-7320-6_736-1},
title={Brain Ischemia and Stroke},
url={http://dx.doi.org/10.1007/978-1-4614-7320-6_736-1},
publisher={Springer New York},
author={Neymotin, SamuelA. and Taxin, Zachary and Mohan, Ashutosh and Lipton, Peter},
pages={1-5},
language={English}
}
@article{seidenstein2015computer,
  title={Computer modeling of ischemic stroke},
  author={Seidenstein, Alexandra H and Barone, Frank C and Lytton, William W},
  journal={Scholarpedia},
  volume={10},
  number={3},
  pages={32015},
  year={2015}
}
@article{neymotin2013ih,
  title={Ih tunes theta/gamma oscillations and cross-frequency coupling in an in silico CA3 model},
  author={Neymotin, Samuel A and Hilscher, Markus M and Moulin, Thiago C and Skolnick, Yosef and Lazarewicz, Maciej T and Lytton, William W},
  journal={PloS one},
  volume={8},
  number={10},
  year={2013},
  publisher={Public Library of Science}
}
@article{neymotin2011ketamine,
  title={Ketamine disrupts theta modulation of gamma in a computer model of hippocampus},
  author={Neymotin, Samuel A and Lazarewicz, Maciej T and Sherif, Mohamed and Contreras, Diego and Finkel, Leif H and Lytton, William W},
  journal={The Journal of Neuroscience},
  volume={31},
  number={32},
  pages={11733--11743},
  year={2011},
  publisher={Soc Neuroscience}
}
                  
@article{brown2011virtual,
  title={Virtual {NEURON}: a strategy for merged biochemical and electrophysiological modeling},
  author={Brown, Sherry-Ann and Moraru, Ion I and Schaff, James C and Loew, Leslie M},
  journal={Journal of computational neuroscience},
  volume={31},
  number={2},
  pages={385--400},
  year={2011},
  publisher={Springer}
}

@article{shah2013lithium,
  title={Lithium alters the morphology of neurites regenerating from cultured adult spiral ganglion neurons},
  author={Shah, SM and Patel, CH and Feng, AS and Kollmar, R},
  journal={Hearing research},
  volume={304},
  pages={137--144},
  year={2013},
  publisher={Elsevier}
}
@Article{hunter2007matplotlib,
  Author    = {Hunter, J. D.},
  Title     = {Matplotlib: A 2D graphics environment},
  Journal   = {Computing In Science \& Engineering},
  Volume    = {9},
  Number    = {3},
  Pages     = {90--95},
  abstract  = {Matplotlib is a 2D graphics package used for Python
  for application development, interactive scripting, and
  publication-quality image generation across user
  interfaces and operating systems.},
  publisher = {IEEE COMPUTER SOC},
  year      = 2007
}
@article{cao2005avoiding,
  title={Avoiding negative populations in explicit Poisson tau-leaping},
  author={Cao, Yang and Gillespie, Daniel T and Petzold, Linda R},
  journal={The Journal of chemical physics},
  volume={123},
  number={5},
  pages={054104},
  year={2005},
  publisher={AIP Publishing}
}
@article{hepburn2014accurate,
  title={Accurate approximation and {MPI} parallelization of spatial stochastic reaction-diffusion in {STEPS}},
  author={Hepburn, Iain and Chen, Weiliang and De Schutter, Erik},
  journal={BMC Neuroscience},
  volume={15},
  number={Suppl 1},
  pages={P177},
  year={2014},
  publisher={BioMed Central Ltd}
}
@article{mcdougal2014method,
  title={A method for multi-simulator reaction-diffusion with {NEURON}},
  author={McDougal, Robert A and Hines, Michael L and Lytton, William W},
  journal={BMC Neuroscience},
  volume={15},
  number={Suppl 1},
  pages={P109},
  year={2014},
  publisher={BioMed Central Ltd}
}
@article{bulanova2014integrating,
  title={Integrating Systems Biology Markup Language ({SBML}) with {NEURON}},
  author={Bulanova, Anna S and McDougal, Robert A and Neymotin, Samuel A and Mutai, Victor K and Lytton, William W and Hines, Michael L},
  journal={BMC Neuroscience},
  volume={15},
  number={Suppl 1},
  pages={P144},
  year={2014},
  publisher={BioMed Central Ltd}
}
@article{gu2012alternative,
  title={Alternative splicing regulates kv3. 1 polarized targeting to adjust maximal spiking frequency},
  author={Gu, Yuanzheng and Barry, Joshua and McDougel, Robert and Terman, David and Gu, Chen},
  journal={Journal of Biological Chemistry},
  volume={287},
  number={3},
  pages={1755--1769},
  year={2012},
  publisher={ASBMB}
}
@inproceedings{lin2015ntw,
  title={{NTW-MT}: a Multi-threaded Simulator for Reaction Diffusion Simulations in {NEURON}},
  author={Lin, Zhongwei and Tropper, Carl and Ishlam Patoary, Mohammand Nazrul and McDougal, Robert A and Lytton, William W and Hines, Michael L},
  booktitle={Proceedings of the 3rd ACM Conference on SIGSIM-Principles of Advanced Discrete Simulation},
  pages={157--167},
  year={2015},
  organization={ACM}
}
@article{mcdougal2013water,
  title={Water-tight membranes from neuronal morphology files},
  author={McDougal, Robert A and Hines, Michael L and Lytton, William W},
  journal={Journal of neuroscience methods},
  volume={220},
  number={2},
  pages={167--178},
  year={2013},
  publisher={Elsevier}
}
@article{neymotin2015neuronal,
  title={Neuronal calcium wave propagation varies with changes in endoplasmic reticulum parameters: a computer model},
  author={Neymotin, Samuel A and McDougal, Robert A and Sherif, Mohamed A and Fall, Christopher P and Hines, Michael L and Lytton, William W},
  journal={Neural computation},
  year={2015},
  publisher={MIT Press}
}
@inproceedings{patoary2014neuron,
  title={Neuron time warp},
  author={Patoary, Mohammand Nazrul Ishlam and Tropper, Carl and Lin, Zhongwei and McDougal, Robert and Lytton, William W},
  booktitle={Proceedings of the 2014 Winter Simulation Conference},
  pages={3447--3458},
  year={2014},
  organization={IEEE Press}
}
@article{mcdougal20153d,
  title={3D-printer visualization of neuron models},
  author={McDougal, Robert A and Shepherd, Gordon M},
  journal={Frontiers in Neuroinformatics},
  volume={9},
  pages={18},
  year={2015},
  publisher={Frontiers}
}
@article{djurfeldt2010run,
  title={Run-time interoperability between neuronal network simulators based on the {MUSIC} framework},
  author={Djurfeldt, Mikael and Hjorth, Johannes and Eppler, Jochen M and Dudani, Niraj and Helias, Moritz and Potjans, Tobias C and Bhalla, Upinder S and Diesmann, Markus and Kotaleski, Jeanette Hellgren and Ekeberg, {\"O}rjan},
  journal={Neuroinformatics},
  volume={8},
  number={1},
  pages={43--60},
  year={2010},
  publisher={Springer}
}
@article{hindmarsh2005sundials,
  title={SUNDIALS: Suite of nonlinear and differential/algebraic equation solvers},
  author={Hindmarsh, Alan C and Brown, Peter N and Grant, Keith E and Lee, Steven L and Serban, Radu and Shumaker, Dan E and Woodward, Carol S},
  journal={ACM Transactions on Mathematical Software (TOMS)},
  volume={31},
  number={3},
  pages={363--396},
  year={2005},
  publisher={ACM}
}
@article{gladkii1974analysis,
  title={Analysis of the errors in the probabilistic rounding of numbers},
  author={Gladkii, VS},
  journal={USSR Computational Mathematics and Mathematical Physics},
  volume={14},
  number={3},
  pages={236--238},
  year={1974},
  publisher={Elsevier}
}
@article{bhalla2011multiscale,
  title={Multiscale models in Moose: interoperability and standardization},
  author={Bhalla, Upinder and Ray, Subhasis and Dudani, Niraj and George, Siji and Gilra, Aditya and Harsharani, G},
  journal={Front Neuroinformatics},
  volume={1},
  year={2011}
}
@article{blackwell2013molecular,
  title={Molecular mechanisms underlying neuronal synaptic plasticity: systems biology meets computational neuroscience in the wilds of synaptic plasticity},
  author={Blackwell, Kim T and Jedrzejewska-Szmek, Joanna},
  journal={Wiley Interdisciplinary Reviews: Systems Biology and Medicine},
  volume={5},
  number={6},
  pages={717--731},
  year={2013},
  publisher={Wiley Online Library}
}
@article{grein20141d,
  title={1D-3D hybrid modeling—from multi-compartment models to full resolution models in space and time},
  author={Grein, Stephan and Stepniewski, Martin and Reiter, Sebastian and Knodel, Markus M and Queisser, Gillian},
  journal={Frontiers in neuroinformatics},
  volume={8},
  year={2014},
  publisher={Frontiers Media SA}
}
@article{diekman2013modeling,
  title={Modeling the neuroprotective role of enhanced astrocyte mitochondrial metabolism during stroke},
  author={Diekman, Casey O and Fall, Christopher P and Lechleiter, James D and Terman, David},
  journal={Biophysical journal},
  volume={104},
  number={8},
  pages={1752--1763},
  year={2013},
  publisher={Elsevier}
}
@article{casanova2001distributing,
  title={Distributing MCell simulations on the Grid},
  author={Casanova, Henri and Bartol, Thomas M and Stiles, Joel and Berman, Francine},
  journal={International Journal of High Performance Computing Applications},
  volume={15},
  number={3},
  pages={243--257},
  year={2001},
  publisher={SAGE Publications}
}
@article{bhalla2014molecular,
  title={Molecular computation in neurons: a modeling perspective},
  author={Bhalla, Upinder S},
  journal={Current opinion in neurobiology},
  volume={25},
  pages={31--37},
  year={2014},
  publisher={Elsevier}
}
@article{bartol2015mcell,
  title={MCell},
  author={Bartol, Thomas M and Dittrich, Markus and Faeder, James R},
  journal={Encyclopedia of Computational Neuroscience},
  pages={1673--1676},
  year={2015},
  publisher={Springer}
}
@article{koh2012improved,
  title={Improved spatial direct method with gradient-based diffusion to retain full diffusive fluctuations},
  author={Koh, Wonryull and Blackwell, Kim T},
  journal={The Journal of chemical physics},
  volume={137},
  number={15},
  pages={154111},
  year={2012},
  publisher={AIP Publishing}
}
@inproceedings{brandi2011multiscale,
  title={Multiscale modeling through MUSIC multi-simulation: Modeling a dendritic spine using MOOSE and NeuroRD},
  author={Brandi, Maya and Brocke, Ekaterina and Talukdar, Husain Ahammad and Hanke, Michael and Bhalla, US and Djurfeldt, Mikael and Hellgren Kotaleski, Jeanette},
  booktitle={4th INCF Congress of Neuroinformatics, Boston, USA, 4 Sep-6 Sep, 2011},
  year={2011}
}
@article{koh2011accelerated,
  title={An accelerated algorithm for discrete stochastic simulation of reaction--diffusion systems using gradient-based diffusion and tau-leaping},
  author={Koh, Wonryull and Blackwell, Kim T},
  journal={The Journal of chemical physics},
  volume={134},
  number={15},
  pages={154103},
  year={2011},
  publisher={AIP Publishing}
}
@incollection{blackwell2013modeling,
  title={Modeling spatial aspects of intracellular dopamine signaling},
  author={Blackwell, Kim T and Wallace, Lane J and Kim, BoHung and Oliveira, Rodrigo F and Koh, Wonryull},
  booktitle={Dopamine},
  pages={61--75},
  year={2013},
  publisher={Springer}
}
@article{blackwell2013approaches,
  title={Approaches and tools for modeling signaling pathways and calcium dynamics in neurons},
  author={Blackwell, KT},
  journal={Journal of neuroscience methods},
  volume={220},
  number={2},
  pages={131--140},
  year={2013},
  publisher={Elsevier}
}
@article{blackwell2015calcium,
  title={Calcium Pumps, Models of},
  author={Blackwell, Kim T},
  journal={Encyclopedia of Computational Neuroscience},
  pages={516--519},
  year={2015},
  publisher={Springer}
}
@article{kim2013signaling,
  title={Signaling pathways involved in striatal synaptic plasticity are sensitive to temporal pattern and exhibit spatial specificity},
  author={Kim, B and Hawes, Sarah L and Gillani, Fawad and Wallace, Lane J and Blackwell, Kim T},
  journal={PLoS Comput Biol},
  volume={9},
  number={3},
  pages={e1002953},
  year={2013}
}
@article{blackwell2015particle,
  title={Particle-Based Stochastic Simulators},
  author={Blackwell, Kim T},
  journal={Encyclopedia of Computational Neuroscience},
  pages={2221--2223},
  year={2015},
  publisher={Springer}
}
@article{nair2014modeling,
  title={Modeling intracellular signaling underlying striatal function in health and disease},
  author={Nair, Anu G and Gutierrez-Arenas, Omar and Eriksson, Olivia and Jauhiainen, Alexandra and Blackwell, Kim T and Kotaleski, Jeanette Hellgren},
  journal={Progress in molecular biology and translational science},
  volume={123},
  pages={277},
  year={2014},
  publisher={NIH Public Access}
}
@incollection{blackwell2014protein,
  title={Protein Kinase A, Models of},
  author={Blackwell, Kim T and Jedrzejewska-Szmek, Joanna},
  booktitle={Encyclopedia of Computational Neuroscience},
  pages={1--4},
  year={2014},
  publisher={Springer}
}
@incollection{blackwell2014biochemical,
  title={Biochemical Signaling Pathways and Diffusion: Overview},
  author={Blackwell, Kim T},
  booktitle={Encyclopedia of Computational Neuroscience},
  pages={1--2},
  year={2014},
  publisher={Springer}
}
@article{hepburn2013efficient,
  title={Efficient calculation of the quasi-static electrical potential on a tetrahedral mesh and its implementation in STEPS},
  author={Hepburn, Iain and Cannon, Robert and De Schutter, Erik},
  journal={Frontiers in computational neuroscience},
  volume={7},
  year={2013},
  publisher={Frontiers Media SA}
}
@article{hepburn2011sbml,
  title={SBML and MathML support for the stochastic reaction-diffusion simulator STEPS},
  author={Hepburn, Iain and Chen, Weiliang and De Schutter, Erik},
  journal={BMC Neuroscience},
  volume={12},
  number={Suppl 1},
  pages={P57},
  year={2011},
  publisher={BioMed Central Ltd}
}
@article{chen2014python,
  title={Python-based geometry preparation and simulation visualization toolkits for STEPS},
  author={Chen, Weiliang and De Schutter, Erik},
  journal={Frontiers in neuroinformatics},
  volume={8},
  year={2014},
  publisher={Frontiers Media SA}
}
@article{anwar2012computational,
  title={A computational study of stochastic mechanisms in dendritic calcium spike generation},
  author={Anwar, Haroon and Hepburn, Iain and De Schutter, Erik},
  journal={BMC Neuroscience},
  volume={13},
  number={Suppl 1},
  pages={P152},
  year={2012},
  publisher={BioMed Central Ltd}
}
@article{de2014dangers,
  title={The Dangers of Plug-and-Play Simulation Using Shared Models},
  author={De Schutter, Erik},
  journal={Neuroinformatics},
  volume={12},
  number={2},
  pages={227},
  year={2014},
  publisher={Springer Science \& Business Media}
}
@article{torben2014context,
  title={Context-aware modeling of neuronal morphologies},
  author={Torben-Nielsen, Benjamin and De Schutter, Erik},
  journal={Frontiers in neuroanatomy},
  volume={8},
  year={2014},
  publisher={Frontiers Media SA}
}
@article{anwar2013stochastic,
  title={Stochastic calcium mechanisms cause dendritic calcium spike variability},
  author={Anwar, Haroon and Hepburn, Iain and Nedelescu, Hermina and Chen, Weiliang and De Schutter, Erik},
  journal={The Journal of Neuroscience},
  volume={33},
  number={40},
  pages={15848--15867},
  year={2013},
  publisher={Soc Neuroscience}
}
@article{anwar2014dendritic,
  title={Dendritic diameters affect the spatial variability of intracellular calcium dynamics in computer models},
  author={Anwar, Haroon and Roome, Christopher J and Nedelescu, Hermina and Chen, Weiliang and Kuhn, Bernd and De Schutter, Erik},
  journal={Frontiers in cellular neuroscience},
  volume={8},
  year={2014},
  publisher={Frontiers Media SA}
}
@article{santamaria2011diffusional,
  title={The diffusional properties of dendrites depend on the density of dendritic spines},
  author={Santamaria, Fidel and Wils, Stefan and De Schutter, Erik and Augustine, George J},
  journal={European Journal of Neuroscience},
  volume={34},
  number={4},
  pages={561--568},
  year={2011},
  publisher={Wiley Online Library}
}
@incollection{keating2013supporting,
  title={Supporting SBML as a Model Exchange Format in Software Applications},
  author={Keating, Sarah M and Le Nov{\`e}re, Nicolas},
  booktitle={In Silico Systems Biology},
  pages={201--225},
  year={2013},
  publisher={Springer}
}
@article{mcdougal2013reaction,
 title={Reaction-diffusion in the {NEURON} simulator},
 author={Mc{D}ougal, Robert A and Hines, Michael L and Lytton, William W},
 journal={Frontiers in neuroinformatics},
 volume={7},
 year={2013},
 publisher={Frontiers Media SA}
}
@article{chesshire1994scheme,
  title={A scheme for conservative interpolation on overlapping grids},
  author={Chesshire, G and Henshaw, WD},
  journal={SIAM Journal on Scientific Computing},
  volume={15},
  number={4},
  pages={819--845},
  year={1994},
  publisher={SIAM}
}

@incollection{keating13ssa,
  title={Supporting SBML as a Model Exchange Format in Software Applications},
  author={Keating, Sarah M and Le Nov{\`e}re, Nicolas},
  booktitle={In Silico Systems Biology},
  pages={201--225},
  year={2013},
  publisher={Springer}
}

@article{gardner2003towards,
  title={Towards effective and rewarding data sharing},
  author={Gardner, Daniel and Toga, Arthur W and Ascoli, Giorgio A and Beatty, Jackson T and Brinkley, James F and Dale, Anders M and Fox, Peter T and Gardner, Esther P and George, John S and Goddard, Nigel and others},
  journal={Neuroinformatics},
  volume={1},
  number={3},
  pages={289--295},
  year={2003},
  publisher={Springer}
}

@article{gardner03tea,
  title={Towards effective and rewarding data sharing},
  author={Gardner, Daniel and Toga, Arthur W and Ascoli, Giorgio A and Beatty, Jackson T and Brinkley, James F and Dale, Anders M and Fox, Peter T and Gardner, Esther P and George, John S and Goddard, Nigel and others},
  journal={Neuroinformatics},
  volume={1},
  number={3},
  pages={289--295},
  year={2003},
  publisher={Springer}
}
@article{gabbott2005prefrontal,
  title={Prefrontal cortex in the rat: projections to subcortical autonomic, motor, and limbic centers},
  author={Gabbott, P.L.A. and Warner, T.A. and Jays, P.R.L. and Salway, P. and Busby, S.J.},
  journal={The Journal of comparative neurology},
  volume={492},
  number={2},
  pages={145--177},
  year={2005},
  publisher={Wiley Online Library}
}

@article{d1995neural,
  title={The neural basis of the central executive system of working memory},
  author={D'Esposito, M. and Detre, J.A. and Alsop, D.C. and Shin, R.K. and Atlas, S. and Grossman, M.},
  journal={Nature},
  volume={378},
  number={6554},
  pages={279--281},
  year={1995}
}

@article{petrides1993dissociation,
  title={Dissociation of human mid-dorsolateral from posterior dorsolateral frontal cortex in memory processing},
  author={Petrides, M. and Alivisatos, B. and Evans, A.C. and Meyer, E.},
  journal={Proceedings of the National Academy of Sciences},
  volume={90},
  number={3},
  pages={873},
  year={1993},
  publisher={National Acad Sciences}
}

@article{jonides1993spatial,
  title={Spatial working-memory in humans as revealed by PET},
  author={Jonides, J. and Smith, E.E. and Koeppe, R.A. and Awh, E. and Minoshima, S. and Mintun, M.A.},
  journal={Nature},
  volume={363},
  number={6430},
  pages={623--625},
  year={1993}
}

@article{milner1982some,
  title={Some cognitive effects of frontal-lobe lesions in man},
  author={Milner, B.},
  journal={Philosophical Transactions of the Royal Society of London. B, Biological Sciences},
  volume={298},
  number={1089},
  pages={211},
  year={1982},
  publisher={The Royal Society}
}

@article{verin1993delayed,
  title={Delayed response tasks and prefrontal lesions in man--evidence for self generated patterns of behaviour with poor environmental modulation},
  author={Verin, M. and Partiot, A. and Pillon, B. and Malapani, C. and Agid, Y. and Dubois, B.},
  journal={Neuropsychologia},
  volume={31},
  number={12},
  pages={1379--1396},
  year={1993},
  publisher={Elsevier}
}

@article{lewinsohn1972short,
  title={Short-term memory: A comparison between frontal and nonfrontal right-and left-hemisphere brain-damaged patients.},
  author={Lewinsohn, P.M. and others},
  journal={Journal of Comparative and Physiological Psychology},
  volume={81},
  number={2},
  pages={248},
  year={1972},
  publisher={American Psychological Association}
}

@article{funahashi1989mnemonic,
  title={Mnemonic coding of visual space in the monkey's dorsolateral prefrontal cortex},
  author={Funahashi, S. and Bruce, C.J. and Goldman-Rakic, P.S.},
  journal={Journal of Neurophysiology},
  volume={61},
  number={2},
  pages={331},
  year={1989},
  publisher={Am Physiological Soc}
}

@article{miyakawa1992synaptically,
  title={Synaptically activated increases in {Ca$^{2+}$} concentration in hippocampal {CA1} pyramidal cells are primarily due to voltage-gated Ca2+ channels},
  author={Miyakawa, H. and Ross, W.N. and Jaffe, D. and Callaway, J.C. and Lasser-Ross, N. and Lisman, J.E. and Johnston, D.},
  journal={Neuron},
  volume={9},
  number={6},
  pages={1163--1173},
  year={1992},
  publisher={Elsevier}
}

@book{lodish2000molecular,
  title={Molecular Cell Biology},
  author={Lodish, H. and Berk, A. and Zipursky, L.S. and Matsudaira, P. and Baltimore, D. and Darnell, J.E.},
  year={2000},
  publisher={WH Freeman}
}

@article{hagiwara1989modulation,
  title={Modulation by intracellular {Ca$^{2+}$} of the hyper-polarization-activated inward current in rabbit single sino-atrial node cells.},
  author={Hagiwara, N. and Irisawa, H.},
  journal={The Journal of Physiology},
  volume={409},
  number={1},
  pages={121},
  year={1989},
  publisher={Physiological Soc}
}

@article{rozsa2004distance,
  title={Distance-dependent scaling of calcium transients evoked by backpropagating spikes and synaptic activity in dendrites of hippocampal interneurons},
  author={Rozsa, B. and Zelles, T. and Vizi, E.S. and Lendvai, B.},
  journal={The Journal of neuroscience},
  volume={24},
  number={3},
  pages={661},
  year={2004},
  publisher={Soc Neuroscience}
}

@article{lancaster1986calcium,
  title={Calcium-dependent current generating the afterhyperpolarization of hippocampal neurons},
  author={Lancaster, B. and Adams, P.R.},
  journal={Journal of Neurophysiology},
  volume={55},
  number={6},
  pages={1268},
  year={1986},
  publisher={Am Physiological Soc}
}

@article{aoki2000properties,
  title={Properties of a calcium-activated K+ current on interneurons in the developing rat hippocampus},
  author={Aoki, T. and Baraban, S.C.},
  journal={Journal of neurophysiology},
  volume={83},
  number={6},
  pages={3453},
  year={2000},
  publisher={Am Physiological Soc}
}

@article{wilson2006origin,
  title={Origin of the slow afterhyperpolarization and slow rhythmic bursting in striatal cholinergic interneurons},
  author={Wilson, C.J. and Goldberg, J.A.},
  journal={Journal of neurophysiology},
  volume={95},
  number={1},
  pages={196},
  year={2006},
  publisher={Am Physiological Soc}
}

@article{takahashi1989hippocampal,
  title={Hippocampal CA1 pyramidal cells of rats have four voltage-dependent calcium conductances},
  author={Takahashi, K. and Wakamori, M. and Akaike, N.},
  journal={Neuroscience letters},
  volume={104},
  number={1-2},
  pages={229--234},
  year={1989},
  publisher={Elsevier}
}

@article{tallon1998induced,
  title={Induced $\gamma$-band activity during the delay of a visual short-term memory task in humans},
  author={Tallon-Baudry, C. and Bertrand, O. and Peronnet, F. and Pernier, J.},
  journal={The Journal of neuroscience},
  volume={18},
  number={11},
  pages={4244},
  year={1998},
  publisher={Society for Neuroscience}
}

@article{spencer2003abnormal,
  title={Abnormal neural synchrony in schizophrenia},
  author={Spencer, K.M. and Nestor, P.G. and Niznikiewicz, M.A. and Salisbury, D.F. and Shenton, M.E. and McCarley, R.W.},
  journal={The Journal of neuroscience},
  volume={23},
  number={19},
  pages={7407},
  year={2003},
  publisher={Society for Neuroscience}
}

@article{vijayraghavan2007inverted,
  title={Inverted-{U} dopamine {D1} receptor actions on prefrontal neurons engaged in working memory},
  author={Vijayraghavan, S. and Wang, M. and Birnbaum, S.G. and Williams, G.V. and Arnsten, A.F.T.},
  journal={Nature Neuroscience},
  volume={10},
  number={3},
  pages={376--384},
  year={2007},
  publisher={Nature Publishing Group}
}

@article{mountcastle1969cortical,
  title={Cortical neuronal mechanisms in flutter-vibration studied in unanesthetized monkeys. Neuronal periodicity and frequency discrimination},
  author={Mountcastle, V.B. and Talbot, W.H. and Sakata, H. and Hyvarinen, J.},
  journal={Journal of neurophysiology},
  volume={32},
  number={3},
  pages={452},
  year={1969},
  publisher={Am Physiological Soc}
}

@article{wilson1994functional,
  title={Functional synergism between putative gamma-aminobutyrate-containing neurons and pyramidal neurons in prefrontal cortex},
  author={Wilson, F.A. and O'Scalaidhe, S.P. and Goldman-Rakic, P.S.},
  journal={Proceedings of the National Academy of Sciences of the United States of America},
  volume={91},
  number={9},
  pages={4009},
  year={1994},
  publisher={National Acad Sciences}
}

@article{zucker2002short,
  title={Short-term synaptic plasticity},
  author={Zucker, R.S. and Regehr, W.G.},
  journal={Annual review of physiology},
  volume={64},
  number={1},
  pages={355--405},
  year={2002},
  publisher={Annual Reviews 4139 El Camino Way, PO Box 10139, Palo Alto, CA 94303-0139, USA}
}

@article{lewinsohn1972short,
  title={Short-term memory: A comparison between frontal and nonfrontal right-and left-hemisphere brain-damaged patients.},
  author={Lewinsohn, P.M. and Zieler, R. and Libet, J. and Eyeberg, S. and Nielson, G.},
  journal={Journal of Comparative and Physiological Psychology},
  volume={81},
  number={2},
  pages={248},
  year={1972},
  publisher={American Psychological Association}
}

@article{jonides1993spatial,
  title={Spatial working-memory in humans as revealed by PET},
  author={Jonides, J. and Smith, E.E. and Koeppe, R.A. and Awh, E. and Minoshima, S. and Mintun, M.A.},
  journal={Nature},
  volume={363},
  number={6430},
  pages={623--625},
  year={1993}
}


@article{miller2001integrative,
  title={An integrative theory of prefrontal cortex function},
  author={Miller, E.K. and Cohen, J.D.},
  journal={Annual review of neuroscience},
  volume={24},
  number={1},
  pages={167--202},
  year={2001},
  publisher={Annual Reviews 4139 El Camino Way, PO Box 10139, Palo Alto, CA 94303-0139, USA}
}

@article{gabrieli1996reduced,
  title={Reduced working memory span in {P}arkinson's disease: Evidence for the role of frontostriatal system in working and strategic memory.},
  author={Gabrieli, J.D.E. and Singh, J. and Stebbins, G.T. and Goetz, C.G.},
  journal={Neuropsychology},
  volume={10},
  number={3},
  pages={322},
  year={1996},
  publisher={American Psychological Association}
}

@article{owen1997spatial,
  title={Spatial and non-spatial working memory at different stages of {P}arkinson's disease},
  author={Owen, A.M. and Iddon, J.L. and Hodges, J.R. and Summers, B.A. and Robbins, T.W.},
  journal={Neuropsychologia},
  volume={35},
  number={4},
  pages={519--532},
  year={1997},
  publisher={Elsevier}
}

@article{baddeley1991decline,
  title={The decline of working memory in {A}lzheimer's disease},
  author={Baddeley, AD and Bressi, S. and Della, S. and Logie, R. and Spinnler, H.},
  journal={Brain},
  volume={114},
  number={6},
  pages={2521},
  year={1991},
  publisher={Oxford Univ Press}
}

@article{kensinger2003working,
  title={Working memory in mild Alzheimer's disease and early {P}arkinson's disease.},
  author={Kensinger, E.A. and Shearer, D.K. and Locascio, J.J. and Growdon, J.H. and Corkin, S.},
  journal={Neuropsychology},
  volume={17},
  number={2},
  pages={230},
  year={2003},
  publisher={American Psychological Association}
}

@article{pelosi1997working,
  title={Working memory impairment in early multiple sclerosis. {E}vidence from an event-related potential study of patients with clinically isolated myelopathy.},
  author={Pelosi, L. and Geesken, J.M. and Holly, M. and Hayward, M. and Blumhardt, L.D.},
  journal={Brain},
  volume={120},
  number={11},
  pages={2039},
  year={1997},
  publisher={Oxford Univ Press}
}

@article{d1996working,
  title={Working memory impairments in multiple sclerosis: Evidence from a dual-task paradigm.},
  author={D'Esposito, M. and Onishi, K. and Thompson, H. and Robinson, K. and Armstrong, C. and Grossman, M.},
  journal={Neuropsychology},
  volume={10},
  number={1},
  pages={51},
  year={1996},
  publisher={American Psychological Association}
}

@article{grigsby1994working,
  title={Working memory impairment among persons with chronic progressive multiple sclerosis},
  author={Grigsby, J. and Ayarbe, S.D. and Kravcisin, N. and Busenbark, D.},
  journal={Journal of neurology},
  volume={241},
  number={3},
  pages={125--131},
  year={1994},
  publisher={Springer}
}

@article{sah2002channels,
  title={Channels underlying neuronal calcium-activated potassium currents},
  author={Sah, P. and Louise Faber, E.S.},
  journal={Progress in neurobiology},
  volume={66},
  number={5},
  pages={345--353},
  year={2002},
  publisher={Elsevier}
}

@article{poolos1999calcium,
  title={Calcium-activated potassium conductances contribute to action potential repolarization at the soma but not the dendrites of hippocampal CA1 pyramidal neurons},
  author={Poolos, N.P. and Johnston, D.},
  journal={The Journal of neuroscience},
  volume={19},
  number={13},
  pages={5205},
  year={1999},
  publisher={Soc Neuroscience}
}

@article{storm1988temporal,
  title={Temporal integration by a slowly inactivating {K$^+$} current in hippocampal neurons},
  author={Storm, J.F.},
  journal={Nature},
  volume={336},
  number={6197},
  pages={379--381},
  year={1988}
}

@article{fontanilla1998characterization,
  title={Characterization of the sperm-induced calcium wave in Xenopus eggs using confocal microscopy},
  author={Fontanilla, R.A. and Nuccitelli, R.},
  journal={Biophysical journal},
  volume={75},
  number={4},
  pages={2079--2087},
  year={1998},
  publisher={Elsevier}
}

@ARTICLE{NEST,
  author = {Marc-Oliver Gewaltig and Markus Diesmann},
  title = {NEST (NEural Simulation Tool)},
  journal = {Scholarpedia},
  year = {2007},
  volume = {2},
  pages = {1430},
  number = {4}
}

@misc{MOOSE,
  author={HarshaRani, G.V.},
  title = {Multiscale Object-Oriented Simulation Environment},
  howpublished = "\url{http://moose.ncbs.res.in/}",
  year = {2011}, 
  note = "[Online; accessed 6-July-2011]"
}


@article{hines1997neuron,
  title={The NEURON simulation environment},
  author={Hines, M.L. and Carnevale, N.T.},
  journal={Neural computation},
  volume={9},
  number={6},
  pages={1179--1209},
  year={1997},
  publisher={MIT Press}
}

@article{gruber2004executive,
  title={Executive control emerging from dynamic interactions between brain systems mediating language, working memory and attentional processes},
  author={Gruber, O. and Goschke, T.},
  journal={Acta Psychologica},
  volume={115},
  number={2-3},
  pages={105--121},
  year={2004},
  publisher={Elsevier}
}
@article{gabrieli1995contribution,
  title={Contribution of the basal ganglia to skill learning and working memory in humans.},
  author={Gabrieli, J.},
  year={1995},
  publisher={The MIT Press}
}
@article{watanabe1997increase,
  title={Increase of extracellular dopamine in primate prefrontal cortex during a working memory task},
  author={Watanabe, M. and Kodama, T. and Hikosaka, K.},
  journal={Journal of Neurophysiology},
  volume={78},
  number={5},
  pages={2795},
  year={1997},
  publisher={Am Physiological Soc}
}

@article{romanides1999glutamatergic,
  title={Glutamatergic and dopaminergic afferents to the prefrontal cortex regulate spatial working memory in rats},
  author={Romanides, A.J. and Duffy, P. and Kalivas, P.W.},
  journal={Neuroscience},
  volume={92},
  number={1},
  pages={97--106},
  year={1999},
  publisher={Elsevier}
}

@book{fife1979mathematical,
  title={Mathematical aspects of reacting and diffusing systems.},
  author={Fife, P.C.},
  year={1979},
  publisher={Springer Verlag.}
}

@article{power2002nuclear,
  title={Nuclear calcium signaling evoked by cholinergic stimulation in hippocampal CA1 pyramidal neurons},
  author={Power, J.M. and Sah, P.},
  journal={The Journal of neuroscience},
  volume={22},
  number={9},
  pages={3454},
  year={2002},
  publisher={Society for Neuroscience}
}

@article{berridge1998neuronal,
  title={Neuronal Calcium Signaling Review},
  author={Berridge, M.J.},
  journal={Neuron},
  volume={21},
  pages={13--26},
  year={1998}
}

@article{hong2007priming,
  title={Priming of intracellular calcium stores in rat CA1 pyramidal neurons},
  author={Hong, M. and Ross, W.N.},
  journal={The Journal of Physiology},
  volume={584},
  number={1},
  pages={75--87},
  year={2007},
  publisher={Physiological Soc}
}


@article{kretsinger1980structure,
  title={Structure and evolution of calcium-modulated proteins.},
  author={Kretsinger, R.H.},
  journal={CRC critical reviews in biochemistry},
  volume={8},
  number={2},
  pages={119--174},
  year={1980}
}
@article{cantrell1997dopaminergic,
  title={Dopaminergic modulation of sodium current in hippocampal neurons via cAMP-dependent phosphorylation of specific sites in the sodium channel $\alpha$ subunit},
  author={Cantrell, A.R. and Smith, R.D. and Goldin, A.L. and Scheuer, T. and Catterall, W.A.},
  journal={The Journal of neuroscience},
  volume={17},
  number={19},
  pages={7330},
  year={1997},
  publisher={Society for Neuroscience}
}

@article{seamans2001bidirectional,
  title={Bidirectional dopamine modulation of GABAergic inhibition in prefrontal cortical pyramidal neurons},
  author={Seamans, J.K. and Gorelova, N. and Durstewitz, D. and Yang, C.R.},
  journal={The Journal of Neuroscience},
  volume={21},
  number={10},
  pages={3628},
  year={2001},
  publisher={Society for Neuroscience}
}

@article{baker2002mathematical,
  title={A mathematical model predicts that calreticulin interacts with the endoplasmic reticulum Ca2+-ATPase},
  author={Baker, H.L. and Errington, R.J. and Davies, S.C. and Campbell, A.K.},
  journal={Biophysical journal},
  volume={82},
  number={2},
  pages={582--590},
  year={2002},
  publisher={Elsevier}
}

@article{higgins2006buffering,
  title={A buffering SERCA pump in models of calcium dynamics},
  author={Higgins, E.R. and Cannell, M.B. and Sneyd, J.},
  journal={Biophysical journal},
  volume={91},
  number={1},
  pages={151--163},
  year={2006},
  publisher={Elsevier}
}

@book{harris1994dendritic,
  title={Dendritic spines},
  author={Harris, K.M.},
  year={1994},
  publisher={Wiley Online Library}
}

@article{spacek1997three,
  title={Three-dimensional organization of smooth endoplasmic reticulum in hippocampal CA1 dendrites and dendritic spines of the immature and mature rat},
  author={Spacek, J. and Harris, K.M.},
  journal={The Journal of neuroscience},
  volume={17},
  number={1},
  pages={190--203},
  year={1997},
  publisher={Society for Neuroscience}
}

@book{boyce1992elementary,
  title={Elementary differential equations and boundary value problems},
  author={Boyce, W.E. and DiPrima, R.C. and Mitrea, D.},
  year={1992},
  publisher={Wiley New York:}
}

@book{nagle2000fundamentals,
  title={Fundamentals of Differential Equations and Boundary Value Problems},
  author={Nagle, S. and Saff, E. and Snider, D.},
  year={2000},
  publisher={Addison-Wesley}
}

@article{stern1992buffering,
  title={Buffering of calcium in the vicinity of a channel pore},
  author={Stern, M.D.},
  journal={Cell Calcium},
  volume={13},
  number={3},
  pages={183--192},
  year={1992},
  publisher={Elsevier}
}

@article{delaney2001pathway,
  title={Pathway-specific targeting of GABAA receptor subtypes to somatic and dendritic synapses in the central amygdala},
  author={Delaney, A.J. and Sah, P.},
  journal={Journal of neurophysiology},
  volume={86},
  number={2},
  pages={717},
  year={2001},
  publisher={Am Physiological Soc}
}

@article{kole2008action,
  title={Action potential generation requires a high sodium channel density in the axon initial segment},
  author={Kole, M.H.P. and Ilschner, S.U. and Kampa, B.M. and Williams, S.R. and Ruben, P.C. and Stuart, G.J.},
  journal={Nature Neuroscience},
  volume={11},
  number={2},
  pages={178--186},
  year={2008},
  publisher={Nature Publishing Group}
}
@article{compte2003temporally,
  title={Temporally irregular mnemonic persistent activity in prefrontal neurons of monkeys during a delayed response task},
  author={Compte, A. and Constantinidis, C. and Tegn{\'e}r, J. and Raghavachari, S. and Chafee, M.V. and Goldman-Rakic, P.S. and Wang, X.J.},
  journal={Journal of neurophysiology},
  volume={90},
  number={5},
  pages={3441},
  year={2003},
  publisher={Am Physiological Soc}
}

@article{curtis2003persistent,
  title={Persistent activity in the prefrontal cortex during working memory},
  author={Curtis, C.E. and D'Esposito, M.},
  journal={Trends in Cognitive Sciences},
  volume={7},
  number={9},
  pages={415--423},
  year={2003},
  publisher={Elsevier}
}

@article{goldman1995cellular,
  title={Cellular basis of working memory.},
  author={Goldman-Rakic, P.S.},
  journal={Neuron},
  volume={14},
  number={3},
  pages={477},
  year={1995}
}

@article{egorov2002graded,
  title={Graded persistent activity in entorhinal cortex neurons},
  author={Egorov, A.V. and Hamam, B.N. and Frans{\'e}n, E. and Hasselmo, M.E. and Alonso, A.A.},
  journal={Nature},
  volume={420},
  number={6912},
  pages={173--178},
  year={2002},
  publisher={Nature Publishing Group}
}

@article{rudolph2007inhibition,
  title={Inhibition determines membrane potential dynamics and controls action potential generation in awake and sleeping cat cortex},
  author={Rudolph, M. and Pospischil, M. and Timofeev, I. and Destexhe, A.},
  journal={The Journal of neuroscience},
  volume={27},
  number={20},
  pages={5280},
  year={2007},
  publisher={Soc Neuroscience}
}

@article{hasenstaub2005inhibitory,
  title={Inhibitory postsynaptic potentials carry synchronized frequency information in active cortical networks},
  author={Hasenstaub, A. and Shu, Y. and Haider, B. and Kraushaar, U. and Duque, A. and McCormick, D.A.},
  journal={Neuron},
  volume={47},
  number={3},
  pages={423--435},
  year={2005},
  publisher={Elsevier}
}

@article{zahrt1997supranormal,
  title={Supranormal stimulation of D1 dopamine receptors in the rodent prefrontal cortex impairs spatial working memory performance},
  author={Zahrt, J. and Taylor, J.R. and Mathew, R.G. and Arnsten, A.F.T.},
  journal={The Journal of neuroscience},
  volume={17},
  number={21},
  pages={8528},
  year={1997},
  publisher={Society for Neuroscience}
}

@article{pesaran2000temporal,
  title={Temporal structure in neuronal activity during working memory in macaque parietal cortex},
  author={Pesaran, B. and Pezaris, J.S. and Sahani, M. and Mitra, P.P. and Andersen, R.A.},
  journal={Arxiv preprint q-bio/0309034},
  year={2000}
}

@article{oster2006developmental,
  title={A developmental model of ocular dominance column formation on a growing cortex},
  author={Oster, A.M. and Bressloff, P.C.},
  journal={Bulletin of mathematical biology},
  volume={68},
  number={1},
  pages={73--98},
  year={2006},
  publisher={Springer}
}

@article{somers1995emergent,
  title={An emergent model of orientation selectivity in cat visual cortical simple cells},
  author={Somers, D.C. and Nelson, S.B. and Sur, M.},
  journal={The Journal of neuroscience},
  volume={15},
  number={8},
  pages={5448},
  year={1995},
  publisher={Soc Neuroscience}
}

@article{durstewitz2000dopamine,
  title={Dopamine-mediated stabilization of delay-period activity in a network model of prefrontal cortex},
  author={Durstewitz, D. and Seamans, J.K. and Sejnowski, T.J.},
  journal={Journal of Neurophysiology},
  volume={83},
  number={3},
  pages={1733},
  year={2000},
  publisher={Am Physiological Soc}
}

@article{keysers2004demystifying,
  title={Demystifying social cognition: a Hebbian perspective},
  author={Keysers, C. and Perrett, D.I.},
  journal={Trends in Cognitive Sciences},
  volume={8},
  number={11},
  pages={501--507},
  year={2004},
  publisher={Elsevier}
}

@article{buzsak1998memory,
  title={Memory consolidation during sleep: a neurophysiological perspective},
  author={Buzs{\'a}k, G.{\"O}.},
  journal={Journal of Sleep Research},
  volume={7},
  number={S1},
  pages={17--23},
  year={1998},
  publisher={Wiley Online Library}
}

@article{lakoff2008neural,
  title={The neural theory of metaphor},
  author={Lakoff, G.},
  journal={The Cambridge handbook of metaphor and thought},
  publisher={Cambridge University Press},
  year={2008}
}

@article{miller1996neural,
  title={Neural mechanisms of visual working memory in prefrontal cortex of the macaque},
  author={Miller, E.K. and Erickson, C.A. and Desimone, R.},
  journal={The Journal of Neuroscience},
  volume={16},
  number={16},
  pages={5154},
  year={1996},
  publisher={Society for Neuroscience}
}

@article{constantinidis1996neuronal,
  title={Neuronal activity in posterior parietal area 7a during the delay periods of a spatial memory task},
  author={Constantinidis, C. and Steinmetz, M.A.},
  journal={Journal of Neurophysiology},
  volume={76},
  number={2},
  pages={1352},
  year={1996},
  publisher={Am Physiological Soc}
}

@article{quintana1999perception,
  title={From perception to action: temporal integrative functions of prefrontal and parietal neurons},
  author={Quintana, J. and Fuster, J.M.},
  journal={Cerebral Cortex},
  volume={9},
  number={3},
  pages={213},
  year={1999},
  publisher={Oxford Univ Press}
}

@article{petrides1995impairments,
  title={Impairments on nonspatial self-ordered and externally ordered working memory tasks after lesions of the mid-dorsal part of the lateral frontal cortex in the monkey},
  author={Petrides, M.},
  journal={The Journal of neuroscience},
  volume={15},
  number={1},
  pages={359},
  year={1995},
  publisher={Soc Neuroscience}
}

@article{curtis2003persistent,
  title={Persistent activity in the prefrontal cortex during working memory},
  author={Curtis, C.E. and D'Esposito, M.},
  journal={Trends in Cognitive Sciences},
  volume={7},
  number={9},
  pages={415--423},
  year={2003},
  publisher={Elsevier}
}

@article{fuster1973unit,
  title={Unit activity in prefrontal cortex during delayed-response performance: neuronal correlates of transient memory},
  author={Fuster, J.M.},
  journal={Journal of Neurophysiology},
  volume={36},
  number={1},
  pages={61},
  year={1973},
  publisher={Am Physiological Soc}
}

@article{burks1954analysis,
  title={An analysis of a logical machine using parenthesis-free notation},
  author={Burks, A.W. and Warren, D.W. and Wright, J.B.},
  journal={Mathematical tables and other aids to computation},
  volume={8},
  number={46},
  pages={53--57},
  year={1954},
  publisher={JSTOR}
}

@article{sneyd1993curvature,
  title={Curvature dependence of a model for calcium wave propagation},
  author={Sneyd, J. and Atri, A.},
  journal={Physica D: Nonlinear Phenomena},
  volume={65},
  number={4},
  pages={365--372},
  year={1993},
  publisher={Elsevier}
}

@article{lechleiter1991spiral,
  title={Spiral calcium wave propagation and annihilation in Xenopus laevis oocytes},
  author={Lechleiter, J. and Girard, S. and Peralta, E. and Clapham, D.},
  journal={Science},
  volume={252},
  number={5002},
  pages={123--126},
  year={1991},
  publisher={American Association for the Advancement of Science}
}

@article{dronne2009examples,
  title={Examples of the influence of the geometry on the propagation of progressive waves},
  author={Dronne, M.A. and Descombes, S. and Grenier, E. and Gilquin, H.},
  journal={Mathematical and Computer Modelling},
  volume={49},
  number={11-12},
  pages={2138--2144},
  year={2009},
  publisher={Elsevier}
}

@article{chapuisat2005existence,
  title={Existence and nonexistence of traveling wave solutions for a bistable reaction-diffusion equation in an infinite cylinder whose diameter is suddenly increased},
  author={Chapuisat, G. and Grenier, E.},
  journal={Communications in Partial Differential Equations},
  volume={30},
  number={12},
  pages={1805--1816},
  year={2005},
  publisher={Taylor \& Francis}
}

@article{berestycki2009bistable,
  title={Bistable traveling waves around an obstacle},
  author={Berestycki, H. and Matano, H. and Hamel, F.},
  journal={Communications on Pure and Applied Mathematics},
  volume={62},
  number={6},
  pages={729--788},
  year={2009},
  publisher={Wiley Online Library}
}

@article{hurtado1999dynamics,
  title={Dynamics of tremor-related oscillations in the human globus pallidus: a single case study},
  author={Hurtado, J.M. and Gray, C.M. and Tamas, L.B. and Sigvardt, K.A.},
  journal={Proceedings of the National Academy of Sciences},
  volume={96},
  number={4},
  pages={1674},
  year={1999},
  publisher={National Acad Sciences}
}

@article{goldberg2002enhanced,
  title={Enhanced synchrony among primary motor cortex neurons in the 1-methyl-4-phenyl-1, 2, 3, 6 - tetrahydropyridine primate model of Parkinson's disease},
  author={Goldberg, J.A. and Boraud, T. and Maraton, S. and Haber, S.N. and Vaadia, E. and Bergman, H.},
  journal={The Journal of neuroscience},
  volume={22},
  number={11},
  pages={4639},
  year={2002},
  publisher={Soc Neuroscience}
}

@article{levy2000high,
  title={High-frequency synchronization of neuronal activity in the subthalamic nucleus of parkinsonian patients with limb tremor},
  author={Levy, R. and Hutchison, W.D. and Lozano, A.M. and Dostrovsky, J.O.},
  journal={The Journal of Neuroscience},
  volume={20},
  number={20},
  pages={7766},
  year={2000},
  publisher={Soc Neuroscience}
}

@article{raz1996neuronal,
  title={Neuronal synchronization of tonically active neurons in the striatum of normal and parkinsonian primates},
  author={Raz, A. and Feingold, A. and Zelanskaya, V. and Vaadia, E. and Bergman, H.},
  journal={Journal of neurophysiology},
  volume={76},
  number={3},
  pages={2083},
  year={1996},
  publisher={Am Physiological Soc}
}

@article{raz2000firing,
  title={Firing patterns and correlations of spontaneous discharge of pallidal neurons in the normal and the tremulous 1-methyl-4-phenyl-1, 2, 3, 6-tetrahydropyridine vervet model of parkinsonism},
  author={Raz, A. and Vaadia, E. and Bergman, H.},
  journal={The Journal of Neuroscience},
  volume={20},
  number={22},
  pages={8559},
  year={2000},
  publisher={Society for Neuroscience}
}

@book{rieke1999spikes,
  title={Spikes: exploring the neural code},
  author={Rieke, F.},
  year={1999},
  publisher={The MIT Press}
}


@article{shannon1948mathematical,
  title={A mathematical theory of communication},
  author={Shannon, C.E.},
  journal={Bell Systems Tech. J},
  volume={27},
  number={379},
  pages={623},
  year={1948}
}

@article{stevens1998input,
  title={Input synchrony and the irregular firing of cortical neurons},
  author={Stevens, C.F. and Zador, A.M.},
  journal={Nature Neuroscience},
  volume={1},
  number={3},
  pages={210--217},
  year={1998}
}

@article{silver2003working,
  title={Working memory deficit as a core neuropsychological dysfunction in schizophrenia},
  author={Silver, H. and Feldman, P. and Bilker, W. and Gur, R.C.},
  journal={American Journal of Psychiatry},
  volume={160},
  number={10},
  pages={1809},
  year={2003},
  publisher={Am Psychiatric Assoc}
}

@article{gonzalez2008gaba,
  title={GABA neurons and the mechanisms of network oscillations: implications for understanding cortical dysfunction in schizophrenia},
  author={Gonzalez-Burgos, G. and Lewis, D.A.},
  journal={Schizophrenia bulletin},
  volume={34},
  number={5},
  pages={944},
  year={2008},
  publisher={MPRC}
}

@article{driesen2008impairment,
  title={Impairment of working memory maintenance and response in schizophrenia: functional magnetic resonance imaging evidence},
  author={Driesen, N.R. and Leung, H.C. and Calhoun, V.D. and Constable, R.T. and Gueorguieva, R. and Hoffman, R. and Skudlarski, P. and Goldman-Rakic, P.S. and Krystal, J.H.},
  journal={Biological psychiatry},
  volume={64},
  number={12},
  pages={1026--1034},
  year={2008},
  publisher={Elsevier}
}

@article{swerdlow1987dopamine,
  title={Dopamine, schizophrenia, mania, and depression: toward a unified hypothesis of cortico-striatopallido-thalamic function},
  author={Swerdlow, N.R. and Koob, G.F.},
  journal={Behavioral and Brain Sciences},
  volume={10},
  number={02},
  pages={197--208},
  year={1987},
  publisher={Cambridge Univ Press}
}

@article{wang2006heterogeneity,
  title={Heterogeneity in the pyramidal network of the medial prefrontal cortex},
  author={Wang, Y. and Markram, H. and Goodman, P.H. and Berger, T.K. and Ma, J. and Goldman-Rakic, P.S.},
  journal={Nature neuroscience},
  volume={9},
  number={4},
  pages={534--542},
  year={2006},
  publisher={Nature Publishing Group}
}

@article{amit1994correlations,
  title={Correlations of cortical {H}ebbian reverberations: theory versus experiment},
  author={Amit, D.J. and Brunel, N. and Tsodyks, M.V.},
  journal={The Journal of neuroscience},
  volume={14},
  number={11},
  pages={6435},
  year={1994},
  publisher={Soc Neuroscience}
}

@article{kritzer1995intrinsic,
  title={Intrinsic circuit organization of the major layers and sublayers of the dorsolateral prefrontal cortex in the rhesus monkey},
  author={Kritzer, M.F. and Goldman-Rakic, P.S.},
  journal={The Journal of Comparative Neurology},
  volume={359},
  number={1},
  pages={131--143},
  year={1995},
  publisher={Wiley Online Library}
}

@article{guigon1995neural,
  title={Neural correlates of learning in the prefrontal cortex of the monkey: A predictive model},
  author={Guigon, E. and Dorizzi, B. and Burnod, Y. and Schultz, W.},
  journal={Cerebral Cortex},
  volume={5},
  number={2},
  pages={135},
  year={1995},
  publisher={Oxford Univ Press}
}

@article{camperi1998model,
  title={A model of visuospatial working memory in prefrontal cortex: recurrent network and cellular bistability},
  author={Camperi, M. and Wang, X.J.},
  journal={Journal of Computational Neuroscience},
  volume={5},
  number={4},
  pages={383--405},
  year={1998},
  publisher={Springer}
}

@article{fransén2006mechanism,
  title={Mechanism of graded persistent cellular activity of entorhinal cortex layer v neurons},
  author={Frans{\'e}n, E. and Tahvildari, B. and Egorov, A.V. and Hasselmo, M.E. and Alonso, A.A.},
  journal={Neuron},
  volume={49},
  number={5},
  pages={735--746},
  year={2006},
  publisher={Elsevier}
}

@article{hopfield1982neural,
  title={Neural networks and physical systems with emergent collective computational abilities},
  author={Hopfield, J.J.},
  journal={Proceedings of the National Academy of Sciences of the United States of America},
  volume={79},
  number={8},
  pages={2554},
  year={1982},
  publisher={National Acad Sciences}
}

@article{mongillo2008synaptic,
  title={Synaptic theory of working memory},
  author={Mongillo, G. and Barak, O. and Tsodyks, M.},
  journal={Science},
  volume={319},
  number={5869},
  pages={1543},
  year={2008},
  publisher={American Association for the Advancement of Science}
}

@article{amit1997model,
  title={Model of global spontaneous activity and local structured activity during delay periods in the cerebral cortex.},
  author={Amit, D.J. and Brunel, N.},
  journal={Cerebral Cortex},
  volume={7},
  number={3},
  pages={237},
  year={1997},
  publisher={Oxford Univ Press}
}

@article{melchitzky1998synaptic,
  title={Synaptic targets of pyramidal neurons providing intrinsic horizontal connections in monkey prefrontal cortex},
  author={Melchitzky, D.S. and Sesack, S.R. and Pucak, M.L. and Lewis, D.A.},
  journal={The Journal of comparative neurology},
  volume={390},
  number={2},
  pages={211--224},
  year={1998},
  publisher={Wiley Online Library}
}

@article{barbieri2008can,
  title={Can attractor network models account for the statistics of firing during persistent activity in prefrontal cortex?},
  author={Barbieri, F. and Brunel, N.},
  journal={Frontiers in Neuroscience},
  volume={2},
  number={1},
  pages={114},
  year={2008},
  publisher={Frontiers Research Foundation}
}

@misc{hebb1949organisation,
  title={The organisation of behaviour},
  author={Hebb, D.O.},
  year={1949},
  publisher={New York: Wiley}
}

@article{destexhe1994synthesis,
  title={Synthesis of models for excitable membranes, synaptic transmission and neuromodulation using a common kinetic formalism},
  author={Destexhe, A. and Mainen, Z.F. and Sejnowski, T.J.},
  journal={Journal of Computational Neuroscience},
  volume={1},
  number={3},
  pages={195--230},
  year={1994},
  publisher={Springer}
}

@article{abbott1990model,
  title={Model neurons: From {H}odgkin-{H}uxley to {H}opfield},
  author={Abbott, L. and Kepler, T.},
  journal={Statistical mechanics of neural networks},
  pages={5--18},
  year={1990},
  publisher={Springer}
}

@article{morris1981voltage,
  title={Voltage oscillations in the barnacle giant muscle fiber},
  author={Morris, C. and Lecar, H.},
  journal={Biophysical journal},
  volume={35},
  number={1},
  pages={193--213},
  year={1981},
  publisher={Elsevier}
}

@article{fitzhugh1961impulses,
  title={Impulses and physiological states in theoretical models of nerve membrane},
  author={Fitzhugh, R.},
  journal={Biophysical Journal},
  volume={1},
  number={6},
  pages={445--466},
  year={1961},
  publisher={Elsevier}
}

@article{davison2008pynn,
  title={{PyNN}: a common interface for neuronal network simulators},
  author={Davison, A.P. and Br{\"u}derle, D. and Eppler, J. and Kremkow, J. and Muller, E. and Pecevski, D. and Perrinet, L. and Yger, P.},
  journal={Frontiers in neuroinformatics},
  volume={2},
  year={2008},
  publisher={Frontiers Research Foundation}
}

@article{goodman2009brian,
  title={The {B}rian simulator},
  author={Goodman, D.F.M. and Brette, R.},
  journal={Frontiers in neuroscience},
  volume={3},
  number={2},
  pages={192},
  year={2009},
  publisher={Frontiers Research Foundation}
}

@article{edwards1996non,
  title={Non-{F}ickian diffusion in thin polymer films},
  author={Edwards, D.A.},
  journal={Journal of Polymer Science-B-Polymer Physics Edition},
  volume={34},
  number={5},
  pages={981},
  year={1996},
  publisher={[New York, NY]: Wiley,[c1986-}
}

@book{britton1986reaction,
  title={Reaction-diffusion equations and their applications to biology.},
  author={Britton, N.F.},
  year={1986},
  publisher={Academic Press}
}

@article{baddeley1994developments,
  title={Developments in the concept of working memory.},
  author={Baddeley, A.D. and Hitch, G.J.},
  journal={Neuropsychology},
  volume={8},
  number={4},
  pages={485},
  year={1994},
  publisher={American Psychological Association}
}


@article{budde1997lack,
  title={Lack of Regulation by Intracellular Ca2+ of the Hyper Polarization-Activated Cation Current in Rat Thalamic Neurones},
  author={Budde, T. and Biella, G. and Munsch, T. and Pape, H.C.},
  journal={The Journal of Physiology},
  volume={503},
  number={1},
  pages={79--85},
  year={1997},
  publisher={Wiley Online Library}
}


@inproceedings{crank1947practical,
  title={A practical method for numerical evaluation of solutions of partial differential equations of the heat-conduction type},
  author={Crank, J. and Nicolson, P.},
  booktitle={Mathematical Proceedings of the Cambridge Philosophical Society},
  volume={43},
  number={01},
  pages={50--67},
  year={1947},
  organization={Cambridge Univ Press}
}

@book{strogatz1994nonlinear,
  title={Nonlinear dynamics and chaos: With applications to physics, biology, chemistry, and engineering},
  author={Strogatz, S.H.},
  year={1994},
  publisher={Westview Pr}
}

@article{laubenbacher2004computational,
  title={A computational algebra approach to the reverse engineering of gene regulatory networks},
  author={Laubenbacher, R. and Stigler, B.},
  journal={Journal of Theoretical Biology},
  volume={229},
  number={4},
  pages={523--537},
  year={2004},
  publisher={Elsevier}
}

@article{ermentrout1993cellular,
  title={Cellular automata approaches to biological modeling},
  author={Ermentrout, G.B. and Edelstein-Keshet, L.},
  journal={Journal of Theoretical Biology},
  volume={160},
  pages={97--97},
  year={1993},
  publisher={Academic Press}
}

@article{sams1996phencyclidine,
  title={Phencyclidine-induced stereotyped behaviour and social isolation in rats: A possible animal model of schizophrenia.},
  author={Sams-Dodd, F.},
  journal={Behavioural Pharmacology},
  year={1996},
  publisher={Lippincott Williams \& Wilkins}
}

@article{hafner1991animal,
  title={An animal model for the effects of estradiol on dopamine-mediated behavior: implications for sex differences in schizophrenia},
  author={H{\"a}fner, H. and Behrens, S. and De Vry, J. and Gattaz, W.F.},
  journal={Psychiatry research},
  volume={38},
  number={2},
  pages={125--134},
  year={1991},
  publisher={Elsevier}
}

@article{west2001calcium,
  title={Calcium regulation of neuronal gene expression},
  author={West, A.E. and Chen, W.G. and Dalva, M.B. and Dolmetsch, R.E. and Kornhauser, J.M. and Shaywitz, A.J. and Takasu, M.A. and Tao, X. and Greenberg, M.E.},
  journal={Proceedings of the National Academy of Sciences of the United States of America},
  volume={98},
  number={20},
  pages={11024--11031},
  year={2001},
  publisher={National Acad Sciences}
}

@article{box1979some,
  title={Some problems of statistics and everyday life},
  author={Box, G.E.P.},
  journal={Journal of the American Statistical Association},
  pages={1--4},
  year={1979},
  publisher={JSTOR}
}


@book{kandel2000principles,
  title={Principles of neural science},
  author={Kandel, E.R. and Schwartz, J.H. and  Jessell, T.M.},
  year={2000},
  edition="Fourth",
  publisher={McGraw-{H}ill Medical}
}
    
@article{skou1965enzymatic,
  title={Enzymatic basis for active transport of {Na$^+$} and {K$^+$} across cell membrane},
  author={Skou, J.C.},
  journal={Physiological reviews},
  volume={45},
  pages={596},
  year={1965}
}

@article{dahl1974sodium,
  title={The sodium-potassium adenosinetriphosphatase},
  author={Dahl, JL and Hokin, L.E.},
  journal={Annual review of biochemistry},
  volume={43},
  number={1},
  pages={327--356},
  year={1974},
  publisher={Annual Reviews 4139 El Camino Way, PO Box 10139, Palo Alto, CA 94303-0139, USA}
}

@article{araque1999tripartite,
  title={Tripartite synapses: glia, the unacknowledged partner},
  author={Araque, A. and Parpura, V. and Sanzgiri, R.P. and Haydon, P.G.},
  journal={Trends in Neurosciences},
  volume={22},
  number={5},
  pages={208--215},
  year={1999},
  publisher={Elsevier}
}

@article{coombes2004receptors,
  title={Receptors, sparks and waves in a fire-diffuse-fire framework for calcium release},
  author={Coombes, S. and Hinch, R. and Timofeeva, Y.},
  journal={Progress in biophysics and molecular biology},
  volume={85},
  number={2-3},
  pages={197--216},
  year={2004},
  publisher={Elsevier}
}

@article{berridge1998neuronal,
  title={Neuronal Calcium Signaling Review},
  author={Berridge, M.J.},
  journal={Neuron},
  volume={21},
  pages={13--26},
  year={1998}
}

@article{fall2004cortically,
  title={Cortically restricted production of IP3 leads to propagation of the fertilization Ca2+ wave along the cell surface in a model of the Xenopus egg},
  author={Fall, C.P. and Wagner, J.M. and Loew, L.M. and Nuccitelli, R.},
  journal={Journal of theoretical biology},
  volume={231},
  number={4},
  pages={487--496},
  year={2004},
  publisher={Elsevier}
}

@article{pozzo1997activity,
  title={Activity-dependent calcium sequestration in dendrites of hippocampal neurons in brain slices},
  author={Pozzo-Miller, L.D. and Pivovarova, N.B. and Leapman, R.D. and Buchanan, R.A. and Reese, T.S. and Andrews, S.B.},
  journal={The Journal of neuroscience},
  volume={17},
  number={22},
  pages={8729--8738},
  year={1997},
  publisher={Society for Neuroscience}
}

@article{gunter2004calcium,
  title={Calcium and mitochondria},
  author={Gunter, T.E. and Yule, D.I. and Gunter, K.K. and Eliseev, R.A. and Salter, J.D.},
  journal={FEBS letters},
  volume={567},
  number={1},
  pages={96--102},
  year={2004},
  publisher={Elsevier}
}

@article{orrenius2003regulation,
  title={Regulation of cell death: the calcium--apoptosis link},
  author={Orrenius, S. and Zhivotovsky, B. and Nicotera, P.},
  journal={Nature Reviews Molecular Cell Biology},
  volume={4},
  number={7},
  pages={552--565},
  year={2003},
  publisher={Nature Publishing Group}
}

@article{busa1985elevated,
  title={An elevated free cytosolic {Ca$^{2+}$} wave follows fertilization in eggs of the frog, {X}enopus laevis.},
  author={Busa, W.B. and Nuccitelli, R.},
  journal={The Journal of cell biology},
  volume={100},
  number={4},
  pages={1325--1329},
  year={1985},
  publisher={Rockefeller Univ Press}
}

@article{jaffe1994metabotropic,
  title={Metabotropic glutamate receptor activation induces calcium waves within hippocampal dendrites},
  author={Jaffe, D.B. and Brown, T.H.},
  journal={Journal of neurophysiology},
  volume={72},
  number={1},
  pages={471},
  year={1994},
  publisher={Am Physiological Soc}
}

@article{fitzpatrick2009inositol,
  title={Inositol-1, 4, 5-trisphosphate receptor-mediated {Ca$^{2+}$} waves in pyramidal neuron dendrites propagate through hot spots and cold spots},
  author={Fitzpatrick, J.S. and Hagenston, A.M. and Hertle, D.N. and Gipson, K.E. and Bertetto-D'Angelo, L. and Yeckel, M.F.},
  journal={The Journal of Physiology},
  volume={587},
  number={7},
  pages={1439},
  year={2009},
  publisher={Physiological Soc}
}


@article{homayoun2004functional,
  title={Functional Interaction Between {NMDA} and {mGlu5} Receptors: Effects on Working Memory, Instrumental Learning, Motor Behaviors, and Dopamine Release.},
  author={Homayoun, H. and Stefani, M.R. and Adams, B.W. and Tamagan, G.D. and Moghaddam, B.},
  journal={Neuropsychopharmacology},
  year={2004},
  publisher={Nature Publishing Group}
}


@article{destexhe1994model,
  title={A model of spindle rhythmicity in the isolated thalamic reticular nucleus},
  author={Destexhe, A. and Contreras, D. and Sejnowski, T.J. and Steriade, M.},
  journal={Journal of neurophysiology},
  volume={72},
  number={2},
  pages={803},
  year={1994},
  publisher={Am Physiological Soc}
}


@article{tiesinga2009cortical,
  title={Cortical Enlightenment: Are Attentional Gamma Oscillations Driven by {ING} or {PING}?},
  author={Tiesinga, P. and Sejnowski, T.J.},
  journal={Neuron},
  volume={63},
  number={6},
  pages={727--732},
  year={2009},
  publisher={Elsevier}
}

@article{abel2004relationships,
  title={Relationships between intracellular calcium and afterhyperpolarizations in neocortical pyramidal neurons},
  author={Abel, H.J. and Lee, J.C.F. and Callaway, J.C. and Foehring, R.C.},
  journal={Journal of neurophysiology},
  volume={91},
  number={1},
  pages={324},
  year={2004},
  publisher={Am Physiological Soc}
}

@book{ermentrout2010mathematical,
  title={Mathematical foundations of neuroscience},
  author={Ermentrout, G.B. and Terman, D.},
  volume={35},
  year={2010},
  publisher={Springer Verlag}
}

@article{loewenstein2003temporal,
  title={Temporal integration by calcium dynamics in a model neuron},
  author={Loewenstein, Y. and Sompolinsky, H.},
  journal={Nature neuroscience},
  volume={6},
  number={9},
  pages={961--967},
  year={2003},
  publisher={Nature Publishing Group}
}

@article{pan2003κ,
  title={$\kappa$-Opioid receptor-mediated enhancement of the hyperpolarization-activated current {(Ih)} through mobilization of intracellular calcium in rat nucleus raphe magnus},
  author={Pan, Z.Z.},
  journal={The Journal of Physiology},
  volume={548},
  number={3},
  pages={765--775},
  year={2003},
  publisher={Wiley Online Library}
}

@article{schwindt1992effects,
  title={Effects of intracellular calcium chelation on voltage-dependent and calcium-dependent currents in cat neocortical neurons},
  author={Schwindt, P.C. and Spain, W.J. and Crill, W.E.},
  journal={Neuroscience},
  volume={47},
  number={3},
  pages={571--578},
  year={1992},
  publisher={Elsevier}
}

@article{lirk2008modulators,
  title={Modulators of calcium influx regulate membrane excitability in rat dorsal root ganglion neurons},
  author={Lirk, P. and Poroli, M. and Rigaud, M. and Fuchs, A. and Fillip, P. and Huang, C.Y. and Ljubkovic, M. and Sapunar, D. and Hogan, Q.},
  journal={Anesthesia \& Analgesia},
  volume={107},
  number={2},
  pages={673},
  year={2008},
  publisher={IARS}
}







@article{hodgkin1952measurement,
  title={Measurement of current-voltage relations in the membrane of the giant axon of {L}oligo},
  author={Hodgkin, A.L. and Huxley, A.F. and Katz, B.},
  journal={The Journal of physiology},
  volume={116},
  number={4},
  pages={424},
  year={1952},
  publisher={Physiological Soc}
}

@article{brunel2001effects,
  title={Effects of neuromodulation in a cortical network model of object working memory dominated by recurrent inhibition},
  author={Brunel, N. and Wang, X.J.},
  journal={Journal of Computational Neuroscience},
  volume={11},
  number={1},
  pages={63--85},
  year={2001},
  publisher={Springer}
}

@article{wang2004division,
  title={Division of labor among distinct subtypes of inhibitory neurons in a cortical microcircuit of working memory},
  author={Wang, X.J. and Tegn{\'e}r, J. and Constantinidis, C. and Goldman-Rakic, P.S.},
  journal={Proceedings of the National Academy of Sciences of the United States of America},
  volume={101},
  number={5},
  pages={1368},
  year={2004},
  publisher={National Acad Sciences}
}

@book{ermentrout2002simulating,
  title={Simulating, analyzing, and animating dynamical systems: a guide to XPPAUT for researchers and students},
  author={Ermentrout, B.},
  year={2002},
  publisher={Society for Industrial Mathematics}
}

@article{verduzco2009working,
  title={Working Memory Cells' Behavior May Be Explained by Cross-Regional Networks with Synaptic Facilitation},
  author={Verduzco-Flores, S. and Bodner, M. and Ermentrout, B. and Fuster, J.M. and Zhou, Y.},
  journal={PloS one},
  volume={4},
  number={8},
  pages={e6399},
  year={2009}
}

@article{lemasson1993activity,
  title={Activity-dependent regulation of conductances in model neurons},
  author={LeMasson, G. and Marder, E. and Abbott, L.F.},
  journal={Science},
  volume={259},
  number={5103},
  pages={1915},
  year={1993},
  publisher={American Association for the Advancement of Science}
}

@article{azevedo2009equal,
  title={Equal numbers of neuronal and nonneuronal cells make the human brain an isometrically scaled-up primate brain.},
  author={Azevedo, FA and Carvalho, L.R. and Grinberg, L.T. and Farfel, J.M. and Ferretti, R.E. and Leite, R.E. and Jacob, F.W. and Lent, R. and Herculano-Houzel, S.},
  journal={The Journal of comparative neurology},
  volume={513},
  number={5},
  pages={532},
  year={2009}
}

@article{connor1971prediction,
  title={Prediction of repetitive firing behaviour from voltage clamp data on an isolated neurone soma},
  author={Connor, J.A. and Stevens, C.F.},
  journal={The Journal of Physiology},
  volume={213},
  number={1},
  pages={31},
  year={1971},
  publisher={Blackwell Publishing}
}

@inproceedings{rinzel1985excitation,
  title={Excitation dynamics: insights from simplified membrane models},
  author={Rinzel, J.},
  booktitle={Fed. Proc. 44},
  volume={2944},
  year={1985}
}

@article{pape1996queer,
  title={Queer current and pacemaker: the hyperpolarization-activated cation current in neurons},
  author={Pape, H.C.},
  journal={Annual Review of Physiology},
  volume={58},
  number={1},
  pages={299--327},
  year={1996},
  publisher={Annual Reviews 4139 El Camino Way, PO Box 10139, Palo Alto, CA 94303-0139, USA}
}

@article{magee1998dendritic,
  title={Dendritic hyperpolarization-activated currents modify the integrative properties of hippocampal {CA1} pyramidal neurons},
  author={Magee, J.C.},
  journal={The Journal of neuroscience},
  volume={18},
  number={19},
  pages={7613},
  year={1998},
  publisher={Soc Neuroscience}
}

@article{de1992single,
  title={A single-pool inositol 1, 4, 5-trisphosphate-receptor-based model for agonist-stimulated oscillations in {Ca$^{2+}$} concentration},
  author={De Young, G.W. and Keizer, J.},
  journal={Proceedings of the National Academy of Sciences of the United States of America},
  volume={89},
  number={20},
  pages={9895--9899},
  year={1992},
  publisher={National Acad Sciences}
}

@mastersthesis{borg1987modelling,
  title={Modelling the Somatic Electrical Response of Hippocampal Pyramidal Neurons},
  author={Borg-Graham, L.J.},
  year={1987},
  school={Massachusetts Institute of Technology}
}

@article{borg1991modelling,
  title={Modelling the non-linear conductances of excitable membranes},
  author={Borg-Graham, L.},
  journal={Cellular Neurobiology: A Practical Approach},
  volume={13},
  pages={247--275},
  year={1991},
  publisher={Oxford University Press}
}

@article{moore2009plasticity,
  title={Plasticity of burst firing induced by synergistic activation of metabotropic glutamate and acetylcholine receptors},
  author={Moore, S.J. and Cooper, D.C. and Spruston, N.},
  journal={Neuron},
  volume={61},
  number={2},
  pages={287--300},
  year={2009},
  publisher={Elsevier}
}

@article{funahashi1994working,
  title={Working memory and prefrontal cortex},
  author={Funahashi, S. and Kubota, K.},
  journal={Neuroscience research},
  volume={21},
  number={1},
  pages={1--11},
  year={1994},
  publisher={Elsevier}
}

@article{ross2005synaptically,
   Author = {Ross, W. N. and Nakamura, T. and Watanabe, S. and Larkum, M. and Lasser-Ross, N.},
   Title = {Synaptically activated {Ca$^{2+}$} release from internal stores in {CNS} neurons},
   Journal = {Cell Mol Neurobiol},
   Volume = {25},
   Number = {2},
   Pages = {283-95},
   Year = {2005}
}



@article{johnston1996active,
  title={Active properties of neuronal dendrites},
  author={Johnston, D. and Magee, J.C. and Colbert, C.M. and Christie, B.R.},
  journal={Annual Review of Neuroscience},
  volume={19},
  number={1},
  pages={165--186},
  year={1996},
  publisher={Annual Reviews 4139 El Camino Way, PO Box 10139, Palo Alto, CA 94303-0139, USA}
}

@article{li1994equations,
  title={Equations for {InsP3} receptor-mediated [{Ca$^{2+}$}]$_i$ oscillations derived from a detailed kinetic model: a {Hodgkin-Huxley} like formalism},
  author={Li, Y.X. and Rinzel, J.},
  journal={Journal of theoretical biology},
  volume={166},
  number={4},
  pages={461--473},
  year={1994},
  publisher={Elsevier}
}

@book{fuster2008prefrontal,
  title={The prefrontal cortex},
  author={Fuster, J.M.},
  year={2008},
  publisher={Academic Press}
}

@article{winograd2008hyperpolarization,
  title={Hyperpolarization - activated graded persistent activity in the prefrontal cortex},
  author={Winograd, M. and Destexhe, A. and Sanchez-Vives, M.V.},
  journal={Proceedings of the National Academy of Sciences},
  volume={105},
  number={20},
  pages={7298},
  year={2008},
  publisher={National Acad Sciences}
}

@article{wagner2004wave,
  title={A wave of {IP$_3$} production accompanies the fertilization {Ca$^{2+}$} wave in the egg of the frog, {Xenopus} laevis: theoretical and experimental support},
  author={Wagner, J. and Fall, C.P. and Hong, F. and Sims, C.E. and Allbritton, N.L. and Fontanilla, R.A. and Moraru, I.I. and Loew, L.M. and Nuccitelli, R.},
  journal={Cell calcium},
  volume={35},
  number={5},
  pages={433--447},
  year={2004},
  publisher={Elsevier}
}

@article{fall2006intracellular,
  title={An intracellular {Ca$^{2+}$} subsystem as a biologically plausible source of intrinsic conditional bistability in a network model of working memory},
  author={Fall, C.P. and Rinzel, J.},
  journal={Journal of Computational Neuroscience},
  volume={20},
  number={1},
  pages={97--107},
  year={2006},
  publisher={Springer}
}

@article{hodgkin1952components,
  title={The components of membrane conductance in the giant axon of {L}oligo},
  author={Hodgkin, A.L. and Huxley, A.F.},
  journal={The Journal of physiology},
  volume={116},
  number={4},
  pages={473},
  year={1952},
  publisher={Physiological Soc}
}

@article{fall2005background,
  title={Background-activity-dependent properties of a network model for working memory that incorporates cellular bistability},
  author={Fall, C.P. and Lewis, T.J. and Rinzel, J.},
  journal={Biological cybernetics},
  volume={93},
  number={2},
  pages={109--118},
  year={2005},
  publisher={Springer}
}

@article{hodgkin1952currents,
  title={Currents carried by sodium and potassium ions through the membrane of the giant axon of {L}oligo},
  author={Hodgkin, A.L. and Huxley, A.F.},
  journal={The Journal of physiology},
  volume={116},
  number={4},
  pages={449},
  year={1952},
  publisher={Physiological Soc}
}

@article{hodgkin1952dual,
  title={The dual effect of membrane potential on sodium conductance in the giant axon of {L}oligo},
  author={Hodgkin, A.L. and Huxley, A.F.},
  journal={The Journal of physiology},
  volume={116},
  number={4},
  pages={497},
  year={1952},
  publisher={Physiological Soc}
}

@article{hodgkin1952quantitative,
  title={A quantitative description of membrane current and its application to conduction and excitation in nerve},
  author={Hodgkin, A.L. and Huxley, A.F.},
  journal={The Journal of physiology},
  volume={117},
  number={4},
  pages={500},
  year={1952},
  publisher={Blackwell Publishing}
}

@article{li1994equations,
  title={Equations for {InsP$_3$} receptor-mediated [{C}a$^{2+}$]$_\mathrm{i}$ oscillations derived from a detailed kinetic model: a {H}odgkin-{H}uxley like formalism},
  author={Li, Y.X. and Rinzel, J.},
  journal={Journal of theoretical biology},
  volume={166},
  number={4},
  pages={461--473},
  year={1994},
  publisher={Elsevier}
}

@article{bannister1995dendritic,
  title={Dendritic morphology of {CA1} pyramidal neurones from the rat hippocampus: {I.} Branching patterns},
  author={Bannister, N.J. and Larkman, A.U.},
  journal={The Journal of comparative neurology},
  volume={360},
  number={1},
  pages={150--160},
  year={1995},
  publisher={Wiley Online Library}
}

@article{golomb2007mechanisms,
  title={Mechanisms of firing patterns in fast-spiking cortical interneurons},
  author={Golomb, D. and Donner, K. and Shacham, L. and Shlosberg, D. and Amitai, Y. and Hansel, D.},
  journal={PLoS Comput Biol},
  volume={3},
  number={8},
  pages={e156},
  year={2007}
}

@article{sidiropoulou2009dopamine,
  title={Dopamine modulates an intrinsic {mGluR5}-mediated depolarization underlying prefrontal persistent activity},
  author={Sidiropoulou, K. and Lu, F.M. and Fowler, M.A. and Xiao, R. and Phillips, C. and Ozkan, E.D. and Zhu, M.X. and White, F.J. and Cooper, D.C.},
  journal={Nature neuroscience},
  volume={12},
  number={2},
  pages={190},
  year={2009},
  publisher={NIH Public Access}
}

@article{poirazi2003arithmetic,
  title={Arithmetic of subthreshold synaptic summation in a model {CA1} pyramidal cell},
  author={Poirazi, P. and Brannon, T. and Mel, B.W.},
  journal={Neuron},
  volume={37},
  number={6},
  pages={977--987},
  year={2003},
  publisher={Elsevier}
}

@article{seamans2001bidirectional,
  title={Bidirectional dopamine modulation of {GABAergic} inhibition in prefrontal cortical pyramidal neurons},
  author={Seamans, J.K. and Gorelova, N. and Durstewitz, D. and Yang, C.R.},
  journal={The Journal of Neuroscience},
  volume={21},
  number={10},
  pages={3628},
  year={2001},
  publisher={Society for Neuroscience}
}


@article{tanaka2006dopaminergic,
  title={Dopaminergic control of working memory and its relevance to schizophrenia: a circuit dynamics perspective},
  author={Tanaka, S.},
  journal={Neuroscience},
  volume={139},
  number={1},
  pages={153--171},
  year={2006},
  publisher={Elsevier}
}

@article{rotaru2007dopamine,
  title={Dopamine D1 receptor activation regulates sodium channel-dependent EPSP amplification in rat prefrontal cortex pyramidal neurons},
  author={Rotaru, D.C. and Lewis, D.A. and Gonzalez-Burgos, G.},
  journal={The Journal of physiology},
  volume={581},
  number={3},
  pages={981},
  year={2007},
  publisher={Physiological Soc}
}

@article{peercy2008initiation,
  title={Initiation and propagation of a neuronal intracellular calcium wave},
  author={Peercy, B.E.},
  journal={Journal of Computational Neuroscience},
  volume={25},
  number={2},
  pages={334--348},
  year={2008},
  publisher={Springer}
}

@phdthesis{hartsfield2005quantitative,
  title={A quantitative study of neuronal calcium signaling},
  author={Hartsfield, J.W.},
  year={2005},
  school={Baylor College of Medicine}
}

@article{destexhe1994efficient,
  title={An efficient method for computing synaptic conductances based on a kinetic model of receptor binding},
  author={Destexhe, A. and Mainen, Z.F. and Sejnowski, T.J.},
  journal={Neural Computation},
  volume={6},
  number={1},
  pages={14--18},
  year={1994},
  publisher={MIT Press}
}


@article{watts1998collective,
  title={Collective dynamics of 'small-world' networks},
  author={Watts, DJ and Strogatz, SH},
  journal={Nature},
  volume={393},
  pages={440--442},
  year={1998}
}

@article{dronne2009examples,
  title={Examples of the influence of the geometry on the propagation of progressive waves},
  author={Dronne, MA and Descombes, S. and Grenier, E. and Gilquin, H.},
  journal={Mathematical and Computer Modelling},
  volume={49},
  number={11},
  pages={2138--2144},
  year={2009},
  publisher={Elsevier}
}

@article{noguchi2005spine,
  title={Spine-neck geometry determines {NMDA} receptor-dependent {Ca2+} signaling in dendrites.},
  author={Noguchi, J. and Matsuzaki, M. and Ellis-Davies, GC and Kasai, H.},
  journal={Neuron},
  volume={46},
  number={4},
  pages={609},
  year={2005}
}

@article{ascoli2000neuron,
  title={{L-Neuron}: a modeling tool for the efficient generation and parsimonious description of dendritic morphology},
  author={Ascoli, G.A. and Krichmar, J.L.},
  journal={Neurocomputing},
  volume={32},
  pages={1003--1011},
  year={2000},
  publisher={Elsevier}
}

@article{chapuisat2005existence,
  title={Existence and nonexistence of traveling wave solutions for a bistable reaction-diffusion equation in an infinite cylinder whose diameter is suddenly increased},
  author={Chapuisat, G. and Grenier, E.},
  journal={Communications in Partial Differential Equations},
  volume={30},
  number={12},
  pages={1805--1816},
  year={2005},
  publisher={Taylor \& Francis}
}

@article{krichmar2002effects,
  title={Effects of dendritic morphology on {CA3} pyramidal cell electrophysiology: a simulation study},
  author={Krichmar, J.L. and Nasuto, S.J. and Scorcioni, R. and Washington, S.D. and Ascoli, G.A.},
  journal={Brain research},
  volume={941},
  number={1},
  pages={11--28},
  year={2002},
  publisher={Elsevier}
}

@article{mainen1996influence,
  title={Influence of dendritic structure on firing pattern in model neocortical neurons},
  author={Mainen, Z.F. and Sejnowski, T.J. and others},
  journal={Nature},
  volume={382},
  number={6589},
  pages={363--366},
  year={1996}
}

@inproceedings{breen1991constructive,
  title={Constructive Cubes: {CSG} evaluation for display using discrete {3D} scalar data sets},
  author={Breen, D.E.},
  booktitle={Eurographics},
  volume={91},
  pages={127--142},
  year={1991}
}

@article{van2011real,
  title={Real-Time Constructive Solid Geometry},
  author={van Rossen, S. and Baranowski, M.},
  journal={Game Development Tools},
  pages={79},
  year={2011},
  publisher={AK Peters Limited}
}

@article{lengyel2010transition,
  title={Transition Cells for Dynamic Multiresolution Marching Cubes},
  author={Lengyel, E.},
  journal={Journal of Graphics, GPU, and Game Tools},
  volume={15},
  number={2},
  pages={99--122},
  year={2010},
  publisher={Taylor \& Francis}
}

@inproceedings{johansson2006accelerating,
  title={Accelerating marching cubes with graphics hardware},
  author={Johansson, G. and Carr, H.},
  booktitle={CASCON'06: Proceedings of the 2006 conference of the Center for Advanced Studies on Collaborative research, ACM Press, New York, NY, USA},
  pages={39},
  year={2006}
}

@article{batista2010parallel,
  title={Parallel geometric algorithms for multi-core computers},
  author={Batista, V.H.F. and Millman, D.L. and Pion, S. and Singler, J.},
  journal={Computational Geometry},
  volume={43},
  number={8},
  pages={663--677},
  year={2010},
  publisher={Elsevier}
}

@inproceedings{boissonnat2000triangulations,
  title={Triangulations in {CGAL}},
  author={Boissonnat, J.D. and Devillers, O. and Teillaud, M. and Yvinec, M.},
  booktitle={Proceedings of the sixteenth annual symposium on Computational geometry},
  pages={11--18},
  year={2000},
  organization={ACM}
}

@article{oliveira2010role,
  title={The role of type 4 phosphodiesterases in generating microdomains of {cAMP}: large scale stochastic simulations},
  author={Oliveira, R.F. and Terrin, A. and Di Benedetto, G. and Cannon, R.C. and Koh, W. and Kim, M.S. and Zaccolo, M. and Blackwell, K.T.},
  journal={PloS one},
  volume={5},
  number={7},
  pages={e11725},
  year={2010},
  publisher={Public Library of Science}
}

@article{cannon2010stochastic,
  title={Stochastic ion channel gating in dendritic neurons: morphology dependence and probabilistic synaptic activation of dendritic spikes},
  author={Cannon, R.C. and O'Donnell, C. and Nolan, M.F.},
  journal={PLoS computational biology},
  volume={6},
  number={8},
  pages={e1000886},
  year={2010},
  publisher={Public Library of Science}
}

@article{blackwell2006efficient,
  title={An efficient stochastic diffusion algorithm for modeling second messengers in dendrites and spines},
  author={Blackwell, K.T.},
  journal={Journal of neuroscience methods},
  volume={157},
  number={1},
  pages={142--153},
  year={2006},
  publisher={Elsevier}
}

@article{cuntz2010one,
  title={One rule to grow them all: a general theory of neuronal branching and its practical application},
  author={Cuntz, H. and Forstner, F. and Borst, A. and H{\"a}usser, M.},
  journal={PLoS computational biology},
  volume={6},
  number={8},
  pages={e1000877},
  year={2010},
  publisher={Public Library of Science}
}

@article{jeschke2008parallel,
  title={A parallel and distributed discrete event approach for spatial cell-biological simulations},
  author={Jeschke, M. and Ewald, R. and Park, A. and Fujimoto, R. and Uhrmacher, A.M.},
  journal={ACM SIGMETRICS Performance Evaluation Review},
  volume={35},
  number={4},
  pages={22--31},
  year={2008},
  publisher={ACM},
  ABSTRACT = {As data and knowledge about cell-biological systems increases so does the need for simulation tools to support a hypothesis driven wet-lab experimentation. Discrete event simulation has received a lot of attention lately, however, often its application is hampered by its lack of performance. One solution are parallel, distributed approaches, however, their application is limited by the amount of parallelism available in the model. Recent studies have shown that spatial aspects are crucial for cell biological dynamics and they are also a promising candidate to exploit parallelism. Promises and specific requirements imposed by a spatial simulation of cell biological systems will be illuminated by a parallel and distributed variant of the Next-Subvolume Method (NSM), which augments the Stochastic Simulation Algorithm (SSA) with spatial features, and its realization in a grid-inspired simulation system called Aurora.}
}

@article{hepburn2012steps,
  title={{STEPS:} efficient simulation of stochastic reaction-diffusion models in realistic morphologies},
  author={Hepburn, I. and Chen, W. and Wils, S. and De Schutter, E.},
  journal={BMC Syst Biol},
  volume={6},
  number={35},
  pages={1752--0509},
  year={2012}
}

@article{wils2008reaction,
  title={Reaction-diffusion in complex {3D} geometries: mesh construction and stochastic simulation with {STEPS}},
  author={Wils, S. and De Schutter, E.},
  journal={BMC Neuroscience},
  volume={9},
  number={Suppl 1},
  pages={P85},
  year={2008},
  publisher={BioMed Central Ltd}
}

@article{loew2001virtual,
  title={The {V}irtual {C}ell: a software environment for computational cell biology},
  author={Loew, L.M. and Schaff, J.C. and others},
  journal={TRENDS in Biotechnology},
  volume={19},
  number={10},
  pages={401--405},
  year={2001},
  publisher={[Amsterdam, Netherlands: Elsevier Science Publishers, c1983-}
}

@article{glaser1990neuron,
  title={Neuron imaging with {N}eurolucida-a {PC}-based system for image combining microscopy},
  author={Glaser, J.R. and Glaser, E.M.},
  journal={Computerized Medical Imaging and Graphics},
  volume={14},
  number={5},
  pages={307--317},
  year={1990},
  publisher={Elsevier}
}

@article{hines2004modeldb,
  title={{ModelDB}: a database to support computational neuroscience},
  author={Hines, M.L. and Morse, T. and Migliore, M. and Carnevale, N.T. and Shepherd, G.M.},
  journal={Journal of computational neuroscience},
  volume={17},
  number={1},
  pages={7--11},
  year={2004},
  publisher={Springer}
}

@article{poirazi2003arithmetic,
  title={Arithmetic of subthreshold synaptic summation in a model {CA1} pyramidal cell},
  author={Poirazi, P. and Brannon, T. and Mel, B.W.},
  journal={Neuron},
  volume={37},
  number={6},
  pages={977--987},
  year={2003},
  publisher={Elsevier}
}

@article{schoberl1997netgen,
  title={{NETGEN} An advancing front {2D/3D}-mesh generator based on abstract rules},
  author={Sch{\"o}berl, J.},
  journal={Computing and visualization in science},
  volume={1},
  number={1},
  pages={41--52},
  year={1997},
  publisher={Springer}
}

@article{nikolenko2007two,
  title={Two-photon photostimulation and imaging of neural circuits},
  author={Nikolenko, V. and Poskanzer, K.E. and Yuste, R.},
  journal={Nature methods},
  volume={4},
  number={11},
  pages={943--950},
  year={2007},
  publisher={Nature Publishing Group}
}

@article{moore1992adaptive,
  title={Adaptive local overlapping grid methods for parabolic systems in two space dimensions},
  author={Moore, P.K. and Flaherty, J.E.},
  journal={Journal of Computational Physics},
  volume={98},
  number={1},
  pages={54--63},
  year={1992},
  publisher={Elsevier}
}

@article{part1994conservative,
  title={Conservative and non-conservative interpolation between overlapping grids for finite volume solutions of hyperbolic problems},
  author={P{\"a}rt-Enander, E. and Sj{\"o}green, B.},
  journal={Computers \& fluids},
  volume={23},
  number={3},
  pages={551--574},
  year={1994},
  publisher={Elsevier}
}

@article{ramachandran2011mayavi,
  title={Mayavi: 3{D} visualization of scientific data},
  author={Ramachandran, P. and Varoquaux, G.},
  journal={Computing in Science \& Engineering},
  volume={13},
  number={2},
  pages={40--51},
  year={2011},
  publisher={IEEE}
}

@article{hendrickson2011capabilities,
  title={The capabilities and limitations of conductance-based compartmental neuron models with reduced branched or unbranched morphologies and active dendrites},
  author={Hendrickson, E.B. and Edgerton, J.R. and Jaeger, D.},
  journal={Journal of computational neuroscience},
  volume={30},
  number={2},
  pages={301--321},
  year={2011},
  publisher={Springer}
}

@article{lytton2008just,
  title={Just-in-time connectivity for large spiking networks},
  author={Lytton, W.W. and Omurtag, A. and Neymotin, S.A. and Hines, M.L.},
  journal={Neural computation},
  volume={20},
  number={11},
  pages={2745--2756},
  year={2008},
  publisher={MIT Press}
}


@inproceedings{jeschke2008parallel2,
  title={Parallel and distributed spatial simulation of chemical reactions},
  author={Jeschke, M. and Park, A. and Ewald, R. and Fujimoto, R. and Uhrmacher, A.M.},
  booktitle={Proceedings of the 22nd Workshop on Principles of Advanced and Distributed Simulation},
  pages={51--59},
  year={2008},
  ABSTRACT = {The application of parallel and distributed simulation
techniques is often limited by the amount of parallelism
available in the model. This holds true for large-scale cell-biological simulations, a field that has emerged as data and
knowledge concerning these systems increases and biologists call for tools to guide wet-lab experimentation. A
promising approach to exploit parallelism in this domain is
the integration of spatial aspects, which are often crucial to
a model's validity. We describe an optimistic, parallel and
distributed variant of the Next-Subvolume Method (NSM), a
method that augments the well-known Gillespie Stochastic
Simulation Algorithm (SSA) with spatial features. We discuss requirements imposed by this application on a parallel
discrete event simulation engine to achieve efficient execution. First results of combining NSM and the grid-inspired
simulation system AURORA are shown.},
  organization={IEEE Computer Society}
}

@ARTICLE{mattioni2012neuronvisio,
	author = {Mattioni, Michele and Cohen, Uri and Le Nov\`{e}re, Nicolas},     
	title = {Neuronvisio: a Graphical User Interface with 3{D} capabilities for {NEURON}},      
	journal = {Frontiers in Neuroinformatics},      
	VOLUME = {6},      
	YEAR = {2012},      
	NUMBER = {00020},     
	URL = {http://www.frontiersin.org/Journal/Abstract.aspx?s=752&name=neuroinformatics&ART_DOI=10.3389/fninf.2012.00020},       
	DOI = {10.3389/fninf.2012.00020},      
	ISSN = {1662-5196},      
	ABSTRACT = {The NEURON simulation environment is a commonly used tool to perform electrical simulation of neurons and neuronal networks. The NEURON User Interface, based on the now discontinued InterViews library, provides some limited facilities to explore models and to plot their simulation results. Other limitations include the inability to generate a three dimensional visualization, no standard mean to save the results of simulations, or to store the model geometry within the results. Neuronvisio (http://neuronvisio.org) aims to address these deficiencies through a set of well designed python APIs and provides an improved UI, allowing users to explore and interact with the model.

Neuronvisio also facilitates access to previously published models, allowing usersto browse, download and locally run NEURON models stored in ModelDB. Neuronvisio uses the matplotlib library to plot simulation results and uses the HDF standard format to store simulation results. Neuronvisio can be viewed as an extension of NEURON, facilitating typical user workflows such as model browsing, selection, download, compilation and simulation. The 3D viewer simplifies the exploration of complex model structure, while matplotlib permits the plotting of high-quality graphs. The newly introduced ability of saving numerical results allows users to perform additional analysis on their previous simulations.}}



@article{alexiades1996super,
  title={Super-time-stepping acceleration of explicit schemes for parabolic problems},
  author={Alexiades, V. and Amiez, G. and Gremaud, P.A.},
  journal={Communications in numerical methods in engineering},
  volume={12},
  number={1},
  pages={31--42},
  year={1996},
  publisher={Citeseer}
}

@article{donahue2009parameter,
  title={Parameter Identification with Adaptive Sparse Grid-based Optimization for Models of Cellular Processes},
  author={Donahue, M.M. and Buzzard, G. and Rundell, A.E.}
}

@article{donahue2010experiment,
  title={Experiment design through dynamical characterisation of non-linear systems biology models utilising sparse grids},
  author={Donahue, MM and Buzzard, GT and Rundell, AE},
  journal={Systems Biology, IET},
  volume={4},
  number={4},
  pages={249--262},
  year={2010},
  publisher={IET}
}

@article{bazil2012global,
  title={A Global Parallel Model Based Design of Experiments Method to Minimize Model Output Uncertainty},
  author={Bazil, J.N. and Buzzard, G.T. and Rundell, A.E.},
  journal={Bulletin of mathematical biology},
  pages={1--29},
  year={2012},
  publisher={Springer}
}

@article{verwer1996explicit,
  title={Explicit {R}unge-{K}utta methods for parabolic partial differential equations},
  author={Verwer, J.G.},
  journal={Applied Numerical Mathematics},
  volume={22},
  number={1},
  pages={359--379},
  year={1996},
  publisher={Elsevier}
}

@article{greenwood2007dendritic,
  title={Dendritic and mitochondrial changes during glutamate excitotoxicity},
  author={Greenwood, S.M. and Connolly, C.N.},
  journal={Neuropharmacology},
  volume={53},
  number={8},
  pages={891--898},
  year={2007},
  publisher={Elsevier}
}

@article{ascoli2007neuromorpho,
  title={{NeuroMorpho.Org}: a central resource for neuronal morphologies},
  author={Ascoli, G.A. and Donohue, D.E. and Halavi, M.},
  journal={The Journal of Neuroscience},
  volume={27},
  number={35},
  pages={9247--9251},
  year={2007},
  publisher={Soc Neuroscience}
}

@article{halavi2012digital,
  title={Digital reconstructions of neuronal morphology: three decades of research trends},
  author={Halavi, M. and Hamilton, K.A. and Parekh, R. and Ascoli, G.A.},
  journal={Frontiers in Neuroscience},
  volume={6},
  year={2012},
  publisher={Frontiers Media SA}
}

@article{donohue2011automated,
  title={Automated reconstruction of neuronal morphology: An overview},
  author={Donohue, D.E. and Ascoli, G.A.},
  journal={Brain research reviews},
  volume={67},
  number={1},
  pages={94--102},
  year={2011},
  publisher={Elsevier}
}

@misc{stiles2001monte,
  title={Monte {C}arlo methods for simulating realistic synaptic microphysiology using {MCell}},
  author={Stiles, J.R. and Bartol, T.M. and others},
  journal={Computational neuroscience: realistic modeling for experimentalists},
  year={2001},
  publisher={CRC Press, Boca Raton, FL}
}

@article{andrews2010detailed,
  title={Detailed simulations of cell biology with {Smoldyn} 2.1},
  author={Andrews, S.S. and Addy, N.J. and Brent, R. and Arkin, A.P.},
  journal={PLoS computational biology},
  volume={6},
  number={3},
  pages={e1000705},
  year={2010},
  publisher={Public Library of Science}
}

@article{goodman2009brian,
  title={The brian simulator},
  author={Goodman, D.F.M. and Brette, R.},
  journal={Frontiers in neuroscience},
  volume={3},
  number={2},
  pages={192},
  year={2009},
  publisher={Frontiers Research Foundation}
}

@article{gewaltig2007nest,
  author = {Marc-Oliver Gewaltig and Markus Diesmann},
  title = {{NEST} ({NE}ural {S}imulation {T}ool)},
  journal = {Scholarpedia},
  year = {2007},
  volume = {2},
  pages = {1430},
  number = {4}
}

@article{bower2002genesis,
  title={The genesis simulation system},
  author={Bower, J.M. and Beeman, D. and Hucka, M.},
  journal={The handbook of brain theory and neural networks},
  volume={2},
  year={2002}
}

@book{bower2003book,
  title={The book of {GENESIS}: exploring realistic neural models with the GEneral NEural SImulation System},
  author={Bower, J.M. and Beeman, D.},
  year={2003},
  publisher={Springer}
}

@book{carnevale2006neuron,
  title={The {NEURON} book},
  author={Carnevale, N.T. and Hines, M.L.},
  year={2006},
  publisher={Cambridge Univ Pr}
}

@article{barbier2004fast,
  title={Fast distance computation between a point and cylinders, cones, line-swept spheres and cone-spheres},
  author={Barbier, A. and Galin, E.},
  journal={Journal of Graphics Tools},
  volume={9},
  number={2},
  pages={11--20},
  year={2004},
  publisher={AK PETERS LTD}
}

@inproceedings{lorensen1987marching,
  title={Marching cubes: A high resolution 3{D} surface construction algorithm},
  author={Lorensen, W.E. and Cline, H.E.},
  booktitle={ACM Siggraph Computer Graphics},
  volume={21},
  number={4},
  pages={163--169},
  year={1987},
  organization={ACM}
}

@article{rodriguez2003automated,
  title={Automated reconstruction of three-dimensional neuronal morphology from laser scanning microscopy images},
  author={Rodriguez, A. and Ehlenberger, D. and Kelliher, K. and Einstein, M. and Henderson, S.C. and Morrison, J.H. and Hof, P.R. and Wearne, S.L.},
  journal={Methods},
  volume={30},
  number={1},
  pages={94--105},
  year={2003},
  publisher={Elsevier}
}

@article{ascoli2001generation,
  title={Generation, description and storage of dendritic morphology data},
  author={Ascoli, G.A. and Krichmar, J.L. and Nasuto, S.J. and Senft, S.L.},
  journal={Philosophical Transactions of the Royal Society of London. Series B: Biological Sciences},
  volume={356},
  number={1412},
  pages={1131--1145},
  year={2001},
  publisher={The Royal Society}
}

@article{sneddon2011efficient,
  title={Efficient modeling, simulation and coarse-graining of biological complexity with {NF}sim},
  author={Sneddon, M.W. and Faeder, J.R. and Emonet, T.},
  journal={Nature Methods},
  volume={8},
  number={2},
  pages={177--183},
  year={2011},
  publisher={Nature Publishing Group}
}
